%YAML 1.1
%TAG !u! tag:unity3d.com,2011:
--- !u!1 &1676008141738135970
GameObject:
  m_ObjectHideFlags: 0
  m_CorrespondingSourceObject: {fileID: 0}
  m_PrefabInstance: {fileID: 0}
  m_PrefabAsset: {fileID: 0}
  serializedVersion: 6
  m_Component:
  - component: {fileID: 8596809022591595116}
  - component: {fileID: 5810822823403423745}
  - component: {fileID: 6179909218299357010}
  m_Layer: 0
  m_Name: CameraZone
  m_TagString: Untagged
  m_Icon: {fileID: 0}
  m_NavMeshLayer: 0
  m_StaticEditorFlags: 0
  m_IsActive: 1
--- !u!4 &8596809022591595116
Transform:
  m_ObjectHideFlags: 0
  m_CorrespondingSourceObject: {fileID: 0}
  m_PrefabInstance: {fileID: 0}
  m_PrefabAsset: {fileID: 0}
  m_GameObject: {fileID: 1676008141738135970}
  m_LocalRotation: {x: -0.0000004768371, y: 0, z: -0, w: 1}
  m_LocalPosition: {x: 0, y: 0.5, z: -0.63}
  m_LocalScale: {x: 1, y: 1, z: 1}
  m_Children: []
  m_Father: {fileID: 8296391864347172987}
  m_RootOrder: 9
  m_LocalEulerAnglesHint: {x: 0, y: 0, z: 0}
--- !u!65 &5810822823403423745
BoxCollider:
  m_ObjectHideFlags: 0
  m_CorrespondingSourceObject: {fileID: 0}
  m_PrefabInstance: {fileID: 0}
  m_PrefabAsset: {fileID: 0}
  m_GameObject: {fileID: 1676008141738135970}
  m_Material: {fileID: 0}
  m_IsTrigger: 1
  m_Enabled: 1
  serializedVersion: 2
  m_Size: {x: 1, y: 1, z: 3}
  m_Center: {x: 0, y: 0, z: 0}
--- !u!114 &6179909218299357010
MonoBehaviour:
  m_ObjectHideFlags: 0
  m_CorrespondingSourceObject: {fileID: 0}
  m_PrefabInstance: {fileID: 0}
  m_PrefabAsset: {fileID: 0}
  m_GameObject: {fileID: 1676008141738135970}
  m_Enabled: 1
  m_EditorHideFlags: 0
  m_Script: {fileID: 11500000, guid: 6b22c8e1cad0e804ead6d31cf36f5b5a, type: 3}
  m_Name: 
  m_EditorClassIdentifier: 
  Angle: 60
--- !u!1 &7385028020288259390
GameObject:
  m_ObjectHideFlags: 0
  m_CorrespondingSourceObject: {fileID: 0}
  m_PrefabInstance: {fileID: 0}
  m_PrefabAsset: {fileID: 0}
  serializedVersion: 6
  m_Component:
  - component: {fileID: 2621731579447619408}
  m_Layer: 0
  m_Name: End
  m_TagString: Untagged
  m_Icon: {fileID: 0}
  m_NavMeshLayer: 0
  m_StaticEditorFlags: 0
  m_IsActive: 1
--- !u!4 &2621731579447619408
Transform:
  m_ObjectHideFlags: 0
  m_CorrespondingSourceObject: {fileID: 0}
  m_PrefabInstance: {fileID: 0}
  m_PrefabAsset: {fileID: 0}
  m_GameObject: {fileID: 7385028020288259390}
  m_LocalRotation: {x: -0, y: -0, z: -0, w: 1}
  m_LocalPosition: {x: 0, y: 0, z: 4}
  m_LocalScale: {x: 1, y: 1, z: 0.3}
  m_Children: []
  m_Father: {fileID: 8296391864347172987}
  m_RootOrder: 4
  m_LocalEulerAnglesHint: {x: 0, y: 0, z: 0}
--- !u!1 &8296391863247294119
GameObject:
  m_ObjectHideFlags: 0
  m_CorrespondingSourceObject: {fileID: 0}
  m_PrefabInstance: {fileID: 0}
  m_PrefabAsset: {fileID: 0}
  serializedVersion: 6
  m_Component:
  - component: {fileID: 8296391863247294116}
  - component: {fileID: 8296391863247294115}
  - component: {fileID: 8296391863247294114}
  - component: {fileID: 8296391863247294117}
  m_Layer: 0
  m_Name: Cube (2)
  m_TagString: Untagged
  m_Icon: {fileID: 0}
  m_NavMeshLayer: 0
  m_StaticEditorFlags: 0
  m_IsActive: 1
--- !u!4 &8296391863247294116
Transform:
  m_ObjectHideFlags: 0
  m_CorrespondingSourceObject: {fileID: 0}
  m_PrefabInstance: {fileID: 0}
  m_PrefabAsset: {fileID: 0}
  m_GameObject: {fileID: 8296391863247294119}
  m_LocalRotation: {x: -0.0000004768371, y: -0, z: -0, w: 1}
  m_LocalPosition: {x: 0, y: -0.008677805, z: 0.1617737}
  m_LocalScale: {x: 1, y: 0.5, z: 0.316624}
  m_Children: []
  m_Father: {fileID: 8296391864347172987}
  m_RootOrder: 0
  m_LocalEulerAnglesHint: {x: 0, y: 0, z: 0}
--- !u!33 &8296391863247294115
MeshFilter:
  m_ObjectHideFlags: 0
  m_CorrespondingSourceObject: {fileID: 0}
  m_PrefabInstance: {fileID: 0}
  m_PrefabAsset: {fileID: 0}
  m_GameObject: {fileID: 8296391863247294119}
  m_Mesh: {fileID: 10202, guid: 0000000000000000e000000000000000, type: 0}
--- !u!23 &8296391863247294114
MeshRenderer:
  m_ObjectHideFlags: 0
  m_CorrespondingSourceObject: {fileID: 0}
  m_PrefabInstance: {fileID: 0}
  m_PrefabAsset: {fileID: 0}
  m_GameObject: {fileID: 8296391863247294119}
  m_Enabled: 1
  m_CastShadows: 1
  m_ReceiveShadows: 1
  m_DynamicOccludee: 1
  m_MotionVectors: 1
  m_LightProbeUsage: 1
  m_ReflectionProbeUsage: 1
  m_RayTracingMode: 2
  m_RenderingLayerMask: 1
  m_RendererPriority: 0
  m_Materials:
  - {fileID: 10303, guid: 0000000000000000f000000000000000, type: 0}
  m_StaticBatchInfo:
    firstSubMesh: 0
    subMeshCount: 0
  m_StaticBatchRoot: {fileID: 0}
  m_ProbeAnchor: {fileID: 0}
  m_LightProbeVolumeOverride: {fileID: 0}
  m_ScaleInLightmap: 1
  m_ReceiveGI: 1
  m_PreserveUVs: 0
  m_IgnoreNormalsForChartDetection: 0
  m_ImportantGI: 0
  m_StitchLightmapSeams: 1
  m_SelectedEditorRenderState: 3
  m_MinimumChartSize: 4
  m_AutoUVMaxDistance: 0.5
  m_AutoUVMaxAngle: 89
  m_LightmapParameters: {fileID: 0}
  m_SortingLayerID: 0
  m_SortingLayer: 0
  m_SortingOrder: 0
--- !u!65 &8296391863247294117
BoxCollider:
  m_ObjectHideFlags: 0
  m_CorrespondingSourceObject: {fileID: 0}
  m_PrefabInstance: {fileID: 0}
  m_PrefabAsset: {fileID: 0}
  m_GameObject: {fileID: 8296391863247294119}
  m_Material: {fileID: 0}
  m_IsTrigger: 0
  m_Enabled: 1
  serializedVersion: 2
  m_Size: {x: 1, y: 1, z: 1}
  m_Center: {x: 0, y: 0, z: 0}
--- !u!1 &8296391863344546328
GameObject:
  m_ObjectHideFlags: 0
  m_CorrespondingSourceObject: {fileID: 0}
  m_PrefabInstance: {fileID: 0}
  m_PrefabAsset: {fileID: 0}
  serializedVersion: 6
  m_Component:
  - component: {fileID: 8296391863344546329}
  m_Layer: 0
  m_Name: Start
  m_TagString: Untagged
  m_Icon: {fileID: 0}
  m_NavMeshLayer: 0
  m_StaticEditorFlags: 0
  m_IsActive: 1
--- !u!4 &8296391863344546329
Transform:
  m_ObjectHideFlags: 0
  m_CorrespondingSourceObject: {fileID: 0}
  m_PrefabInstance: {fileID: 0}
  m_PrefabAsset: {fileID: 0}
  m_GameObject: {fileID: 8296391863344546328}
  m_LocalRotation: {x: 0, y: 0, z: 0, w: 1}
  m_LocalPosition: {x: 0, y: 0, z: 0}
  m_LocalScale: {x: 1, y: 1, z: 1}
  m_Children: []
  m_Father: {fileID: 8296391864217850868}
  m_RootOrder: 3
  m_LocalEulerAnglesHint: {x: 0, y: 0, z: 0}
--- !u!1 &8296391863476569662
GameObject:
  m_ObjectHideFlags: 0
  m_CorrespondingSourceObject: {fileID: 0}
  m_PrefabInstance: {fileID: 0}
  m_PrefabAsset: {fileID: 0}
  serializedVersion: 6
  m_Component:
  - component: {fileID: 8296391863476569663}
  - component: {fileID: 8296391863476569659}
  - component: {fileID: 8296391863476569658}
  - component: {fileID: 8296391863476569661}
  - component: {fileID: 8296391863476569660}
  m_Layer: 0
  m_Name: Wall
  m_TagString: Untagged
  m_Icon: {fileID: 0}
  m_NavMeshLayer: 0
  m_StaticEditorFlags: 0
  m_IsActive: 1
--- !u!4 &8296391863476569663
Transform:
  m_ObjectHideFlags: 0
  m_CorrespondingSourceObject: {fileID: 0}
  m_PrefabInstance: {fileID: 0}
  m_PrefabAsset: {fileID: 0}
  m_GameObject: {fileID: 8296391863476569662}
  m_LocalRotation: {x: 0, y: 0, z: 0, w: 1}
  m_LocalPosition: {x: -0.45, y: 0.5, z: 2}
  m_LocalScale: {x: 0.1, y: 0.5, z: 4}
  m_Children: []
  m_Father: {fileID: 8296391864217850868}
  m_RootOrder: 1
  m_LocalEulerAnglesHint: {x: 0, y: 0, z: 0}
--- !u!33 &8296391863476569659
MeshFilter:
  m_ObjectHideFlags: 0
  m_CorrespondingSourceObject: {fileID: 0}
  m_PrefabInstance: {fileID: 0}
  m_PrefabAsset: {fileID: 0}
  m_GameObject: {fileID: 8296391863476569662}
  m_Mesh: {fileID: 0}
--- !u!23 &8296391863476569658
MeshRenderer:
  m_ObjectHideFlags: 0
  m_CorrespondingSourceObject: {fileID: 0}
  m_PrefabInstance: {fileID: 0}
  m_PrefabAsset: {fileID: 0}
  m_GameObject: {fileID: 8296391863476569662}
  m_Enabled: 1
  m_CastShadows: 1
  m_ReceiveShadows: 1
  m_DynamicOccludee: 1
  m_MotionVectors: 1
  m_LightProbeUsage: 1
  m_ReflectionProbeUsage: 1
  m_RayTracingMode: 2
  m_RenderingLayerMask: 1
  m_RendererPriority: 0
  m_Materials:
  - {fileID: 10303, guid: 0000000000000000f000000000000000, type: 0}
  m_StaticBatchInfo:
    firstSubMesh: 0
    subMeshCount: 0
  m_StaticBatchRoot: {fileID: 0}
  m_ProbeAnchor: {fileID: 0}
  m_LightProbeVolumeOverride: {fileID: 0}
  m_ScaleInLightmap: 1
  m_ReceiveGI: 1
  m_PreserveUVs: 0
  m_IgnoreNormalsForChartDetection: 0
  m_ImportantGI: 0
  m_StitchLightmapSeams: 1
  m_SelectedEditorRenderState: 2
  m_MinimumChartSize: 4
  m_AutoUVMaxDistance: 0.5
  m_AutoUVMaxAngle: 89
  m_LightmapParameters: {fileID: 0}
  m_SortingLayerID: 0
  m_SortingLayer: 0
  m_SortingOrder: 0
--- !u!65 &8296391863476569661
BoxCollider:
  m_ObjectHideFlags: 0
  m_CorrespondingSourceObject: {fileID: 0}
  m_PrefabInstance: {fileID: 0}
  m_PrefabAsset: {fileID: 0}
  m_GameObject: {fileID: 8296391863476569662}
  m_Material: {fileID: 0}
  m_IsTrigger: 0
  m_Enabled: 1
  serializedVersion: 2
  m_Size: {x: 1, y: 1, z: 1}
  m_Center: {x: 0, y: 0, z: 0}
--- !u!114 &8296391863476569660
MonoBehaviour:
  m_ObjectHideFlags: 0
  m_CorrespondingSourceObject: {fileID: 0}
  m_PrefabInstance: {fileID: 0}
  m_PrefabAsset: {fileID: 0}
  m_GameObject: {fileID: 8296391863476569662}
  m_Enabled: 1
  m_EditorHideFlags: 0
  m_Script: {fileID: 11500000, guid: 8233d90336aea43098adf6dbabd606a2, type: 3}
  m_Name: 
  m_EditorClassIdentifier: 
  m_MeshFormatVersion: 1
  m_Faces:
  - m_Indexes: 000000000100000002000000000000000200000003000000
    m_SmoothingGroup: 0
    m_Uv:
      m_UseWorldSpace: 0
      m_FlipU: 0
      m_FlipV: 0
      m_SwapUV: 0
      m_Fill: 1
      m_Scale: {x: 1, y: 1}
      m_Offset: {x: 0, y: 0}
      m_Rotation: 0
      m_Anchor: 9
    m_Material: {fileID: 0}
    m_SubmeshIndex: 0
    m_ManualUV: 1
    elementGroup: -1
    m_TextureGroup: -1
  - m_Indexes: 040000000500000006000000040000000600000007000000
    m_SmoothingGroup: 0
    m_Uv:
      m_UseWorldSpace: 0
      m_FlipU: 0
      m_FlipV: 0
      m_SwapUV: 0
      m_Fill: 1
      m_Scale: {x: 1, y: 1}
      m_Offset: {x: 0, y: 0}
      m_Rotation: 0
      m_Anchor: 9
    m_Material: {fileID: 0}
    m_SubmeshIndex: 0
    m_ManualUV: 1
    elementGroup: -1
    m_TextureGroup: -1
  - m_Indexes: 08000000090000000a000000080000000a0000000b000000
    m_SmoothingGroup: 0
    m_Uv:
      m_UseWorldSpace: 0
      m_FlipU: 0
      m_FlipV: 0
      m_SwapUV: 0
      m_Fill: 1
      m_Scale: {x: 1, y: 1}
      m_Offset: {x: 0, y: 0}
      m_Rotation: 0
      m_Anchor: 9
    m_Material: {fileID: 0}
    m_SubmeshIndex: 0
    m_ManualUV: 1
    elementGroup: -1
    m_TextureGroup: -1
  - m_Indexes: 0c0000000d0000000e0000000c0000000e0000000f000000
    m_SmoothingGroup: 0
    m_Uv:
      m_UseWorldSpace: 0
      m_FlipU: 0
      m_FlipV: 0
      m_SwapUV: 0
      m_Fill: 1
      m_Scale: {x: 1, y: 1}
      m_Offset: {x: 0, y: 0}
      m_Rotation: 0
      m_Anchor: 9
    m_Material: {fileID: 0}
    m_SubmeshIndex: 0
    m_ManualUV: 1
    elementGroup: -1
    m_TextureGroup: -1
  - m_Indexes: 100000001100000012000000100000001200000013000000
    m_SmoothingGroup: 0
    m_Uv:
      m_UseWorldSpace: 0
      m_FlipU: 0
      m_FlipV: 0
      m_SwapUV: 0
      m_Fill: 1
      m_Scale: {x: 1, y: 1}
      m_Offset: {x: 0, y: 0}
      m_Rotation: 0
      m_Anchor: 9
    m_Material: {fileID: 0}
    m_SubmeshIndex: 0
    m_ManualUV: 1
    elementGroup: -1
    m_TextureGroup: -1
  - m_Indexes: 140000001500000016000000140000001600000017000000
    m_SmoothingGroup: 0
    m_Uv:
      m_UseWorldSpace: 0
      m_FlipU: 0
      m_FlipV: 0
      m_SwapUV: 0
      m_Fill: 1
      m_Scale: {x: 1, y: 1}
      m_Offset: {x: 0, y: 0}
      m_Rotation: 0
      m_Anchor: 9
    m_Material: {fileID: 0}
    m_SubmeshIndex: 0
    m_ManualUV: 1
    elementGroup: -1
    m_TextureGroup: -1
  m_SharedVertices:
  - m_Vertices: 000000000d00000017000000
  - m_Vertices: 010000000400000016000000
  - m_Vertices: 020000000700000011000000
  - m_Vertices: 030000000e00000010000000
  - m_Vertices: 050000000800000015000000
  - m_Vertices: 060000000b00000012000000
  - m_Vertices: 090000000c00000014000000
  - m_Vertices: 0a0000000f00000013000000
  m_SharedTextures: []
  m_Positions:
  - {x: 0.50009155, y: -1.5102234, z: 0.5000043}
  - {x: 0.5, y: 0.5, z: 0.5}
  - {x: -0.5, y: 0.5, z: 0.5}
  - {x: -0.49996948, y: -1.5102234, z: 0.5000043}
  - {x: 0.5, y: 0.5, z: 0.5}
  - {x: 0.5, y: 0.5, z: -0.5}
  - {x: -0.5, y: 0.5, z: -0.5}
  - {x: -0.5, y: 0.5, z: 0.5}
  - {x: 0.5, y: 0.5, z: -0.5}
  - {x: 0.50009155, y: -1.5102234, z: -0.49999678}
  - {x: -0.49996948, y: -1.5102234, z: -0.49999678}
  - {x: -0.5, y: 0.5, z: -0.5}
  - {x: 0.50009155, y: -1.5102234, z: -0.49999678}
  - {x: 0.50009155, y: -1.5102234, z: 0.5000043}
  - {x: -0.49996948, y: -1.5102234, z: 0.5000043}
  - {x: -0.49996948, y: -1.5102234, z: -0.49999678}
  - {x: -0.49996948, y: -1.5102234, z: 0.5000043}
  - {x: -0.5, y: 0.5, z: 0.5}
  - {x: -0.5, y: 0.5, z: -0.5}
  - {x: -0.49996948, y: -1.5102234, z: -0.49999678}
  - {x: 0.50009155, y: -1.5102234, z: -0.49999678}
  - {x: 0.5, y: 0.5, z: -0.5}
  - {x: 0.5, y: 0.5, z: 0.5}
  - {x: 0.50009155, y: -1.5102234, z: 0.5000043}
  m_Textures0:
  - {x: 0, y: 0}
  - {x: 0, y: 1}
  - {x: 1, y: 1}
  - {x: 1, y: 0}
  - {x: 0, y: 0}
  - {x: 0, y: 1}
  - {x: 1, y: 1}
  - {x: 1, y: 0}
  - {x: 0, y: 0}
  - {x: 0, y: 1}
  - {x: 1, y: 1}
  - {x: 1, y: 0}
  - {x: 0, y: 0}
  - {x: 0, y: 1}
  - {x: 1, y: 1}
  - {x: 1, y: 0}
  - {x: 0, y: 0}
  - {x: 0, y: 1}
  - {x: 1, y: 1}
  - {x: 1, y: 0}
  - {x: 0, y: 0}
  - {x: 0, y: 1}
  - {x: 1, y: 1}
  - {x: 1, y: 0}
  m_Textures2: []
  m_Textures3: []
  m_Tangents:
  - {x: -1, y: 0, z: 0, w: -1}
  - {x: -1, y: 0, z: 0, w: -1}
  - {x: -1, y: 0, z: 0, w: -1}
  - {x: -1, y: 0, z: 0, w: -1}
  - {x: -1, y: 0, z: 0, w: -1}
  - {x: -1, y: 0, z: 0, w: -1}
  - {x: -1, y: 0, z: 0, w: -1}
  - {x: -1, y: 0, z: 0, w: -1}
  - {x: -1, y: 0, z: 0, w: -1}
  - {x: -1, y: 0, z: 0, w: -1}
  - {x: -1, y: 0, z: 0, w: -1}
  - {x: -1, y: 0, z: 0, w: -1}
  - {x: -1, y: 0, z: 0, w: -1}
  - {x: -1, y: 0, z: 0, w: -1}
  - {x: -1, y: 0, z: 0, w: -1}
  - {x: -1, y: 0, z: 0, w: -1}
  - {x: 0, y: 0, z: -1, w: -1}
  - {x: 0, y: 0, z: -1, w: -1}
  - {x: 0, y: 0, z: -1, w: -1}
  - {x: 0, y: 0, z: -1, w: -1}
  - {x: 0, y: 0, z: 1, w: -1}
  - {x: 0, y: 0, z: 1, w: -1}
  - {x: 0, y: 0, z: 1, w: -1}
  - {x: 0, y: 0, z: 1, w: -1}
  m_Colors: []
  m_UnwrapParameters:
    m_HardAngle: 88
    m_PackMargin: 20
    m_AngleError: 8
    m_AreaError: 15
  m_PreserveMeshAssetOnDestroy: 0
  assetGuid: 
  m_Mesh: {fileID: 0}
  m_IsSelectable: 1
  m_SelectedFaces: 
  m_SelectedEdges: []
  m_SelectedVertices: 
--- !u!1 &8296391864019831838
GameObject:
  m_ObjectHideFlags: 0
  m_CorrespondingSourceObject: {fileID: 0}
  m_PrefabInstance: {fileID: 0}
  m_PrefabAsset: {fileID: 0}
  serializedVersion: 6
  m_Component:
  - component: {fileID: 8296391864019831839}
  - component: {fileID: 8296391864019831836}
  m_Layer: 0
  m_Name: LandingPoint (1)
  m_TagString: Untagged
  m_Icon: {fileID: 0}
  m_NavMeshLayer: 0
  m_StaticEditorFlags: 0
  m_IsActive: 1
--- !u!4 &8296391864019831839
Transform:
  m_ObjectHideFlags: 0
  m_CorrespondingSourceObject: {fileID: 0}
  m_PrefabInstance: {fileID: 0}
  m_PrefabAsset: {fileID: 0}
  m_GameObject: {fileID: 8296391864019831838}
  m_LocalRotation: {x: -0, y: -0, z: -0, w: 1}
  m_LocalPosition: {x: -3.571, y: -0, z: 3.578}
  m_LocalScale: {x: 1, y: 1, z: 0.107988}
  m_Children:
  - {fileID: 8296391864318208649}
  - {fileID: 8296391865174788252}
  m_Father: {fileID: 8296391864347172987}
  m_RootOrder: 8
  m_LocalEulerAnglesHint: {x: 0, y: 0, z: 0}
--- !u!114 &8296391864019831836
MonoBehaviour:
  m_ObjectHideFlags: 0
  m_CorrespondingSourceObject: {fileID: 0}
  m_PrefabInstance: {fileID: 0}
  m_PrefabAsset: {fileID: 0}
  m_GameObject: {fileID: 8296391864019831838}
  m_Enabled: 1
  m_EditorHideFlags: 0
  m_Script: {fileID: 11500000, guid: 2917c4874a6c9e64a80d16b0e96db6ad, type: 3}
  m_Name: 
  m_EditorClassIdentifier: 
  railId: 0
  startPoint: {fileID: 0}
--- !u!1 &8296391864193938884
GameObject:
  m_ObjectHideFlags: 0
  m_CorrespondingSourceObject: {fileID: 0}
  m_PrefabInstance: {fileID: 0}
  m_PrefabAsset: {fileID: 0}
  serializedVersion: 6
  m_Component:
  - component: {fileID: 8296391864193938885}
  m_Layer: 0
  m_Name: Start
  m_TagString: Untagged
  m_Icon: {fileID: 0}
  m_NavMeshLayer: 0
  m_StaticEditorFlags: 0
  m_IsActive: 1
--- !u!4 &8296391864193938885
Transform:
  m_ObjectHideFlags: 0
  m_CorrespondingSourceObject: {fileID: 0}
  m_PrefabInstance: {fileID: 0}
  m_PrefabAsset: {fileID: 0}
  m_GameObject: {fileID: 8296391864193938884}
  m_LocalRotation: {x: 0, y: 0, z: 0, w: 1}
  m_LocalPosition: {x: 0, y: 0, z: 0}
  m_LocalScale: {x: 1, y: 1, z: 1}
  m_Children: []
  m_Father: {fileID: 8296391864347172987}
  m_RootOrder: 3
  m_LocalEulerAnglesHint: {x: 0, y: 0, z: 0}
--- !u!1 &8296391864217850871
GameObject:
  m_ObjectHideFlags: 0
  m_CorrespondingSourceObject: {fileID: 0}
  m_PrefabInstance: {fileID: 0}
  m_PrefabAsset: {fileID: 0}
  serializedVersion: 6
  m_Component:
  - component: {fileID: 8296391864217850868}
  - component: {fileID: 8296391864217850869}
  m_Layer: 0
  m_Name: LandingPoint
  m_TagString: Untagged
  m_Icon: {fileID: 0}
  m_NavMeshLayer: 0
  m_StaticEditorFlags: 0
  m_IsActive: 1
--- !u!4 &8296391864217850868
Transform:
  m_ObjectHideFlags: 0
  m_CorrespondingSourceObject: {fileID: 0}
  m_PrefabInstance: {fileID: 0}
  m_PrefabAsset: {fileID: 0}
  m_GameObject: {fileID: 8296391864217850871}
  m_LocalRotation: {x: -0, y: -0, z: -0, w: 1}
  m_LocalPosition: {x: 0, y: 0, z: 2.8}
  m_LocalScale: {x: 1, y: 1, z: 0.3}
  m_Children:
  - {fileID: 8296391865263913858}
  - {fileID: 8296391863476569663}
  - {fileID: 8296391864959327928}
  - {fileID: 8296391863344546329}
  - {fileID: 8296391865175110253}
  m_Father: {fileID: 8296391864347172987}
  m_RootOrder: 5
  m_LocalEulerAnglesHint: {x: 0, y: 0, z: 0}
--- !u!114 &8296391864217850869
MonoBehaviour:
  m_ObjectHideFlags: 0
  m_CorrespondingSourceObject: {fileID: 0}
  m_PrefabInstance: {fileID: 0}
  m_PrefabAsset: {fileID: 0}
  m_GameObject: {fileID: 8296391864217850871}
  m_Enabled: 1
  m_EditorHideFlags: 0
  m_Script: {fileID: 11500000, guid: 2917c4874a6c9e64a80d16b0e96db6ad, type: 3}
  m_Name: 
  m_EditorClassIdentifier: 
  railId: 0
  startPoint: {fileID: 0}
--- !u!1 &8296391864318208648
GameObject:
  m_ObjectHideFlags: 0
  m_CorrespondingSourceObject: {fileID: 0}
  m_PrefabInstance: {fileID: 0}
  m_PrefabAsset: {fileID: 0}
  serializedVersion: 6
  m_Component:
  - component: {fileID: 8296391864318208649}
  m_Layer: 0
  m_Name: Start
  m_TagString: Untagged
  m_Icon: {fileID: 0}
  m_NavMeshLayer: 0
  m_StaticEditorFlags: 0
  m_IsActive: 1
--- !u!4 &8296391864318208649
Transform:
  m_ObjectHideFlags: 0
  m_CorrespondingSourceObject: {fileID: 0}
  m_PrefabInstance: {fileID: 0}
  m_PrefabAsset: {fileID: 0}
  m_GameObject: {fileID: 8296391864318208648}
  m_LocalRotation: {x: 0, y: 0, z: 0, w: 1}
  m_LocalPosition: {x: 0, y: 0, z: 0}
  m_LocalScale: {x: 1, y: 1, z: 1}
  m_Children: []
  m_Father: {fileID: 8296391864019831839}
  m_RootOrder: 0
  m_LocalEulerAnglesHint: {x: 0, y: 0, z: 0}
--- !u!1 &8296391864347172986
GameObject:
  m_ObjectHideFlags: 0
  m_CorrespondingSourceObject: {fileID: 0}
  m_PrefabInstance: {fileID: 0}
  m_PrefabAsset: {fileID: 0}
  serializedVersion: 6
  m_Component:
  - component: {fileID: 8296391864347172987}
  - component: {fileID: 8296391864347172984}
  - component: {fileID: 1940387009677123567}
  - component: {fileID: 5448327973128609617}
  m_Layer: 0
  m_Name: BloopEndVer1.2
  m_TagString: Untagged
  m_Icon: {fileID: 0}
  m_NavMeshLayer: 0
  m_StaticEditorFlags: 0
  m_IsActive: 1
--- !u!4 &8296391864347172987
Transform:
  m_ObjectHideFlags: 0
  m_CorrespondingSourceObject: {fileID: 0}
  m_PrefabInstance: {fileID: 0}
  m_PrefabAsset: {fileID: 0}
  m_GameObject: {fileID: 8296391864347172986}
  m_LocalRotation: {x: 0.0000004768371, y: -0, z: -0, w: 1}
  m_LocalPosition: {x: -21.26, y: 48.969788, z: 19.01}
  m_LocalScale: {x: 1, y: 1, z: 1}
  m_Children:
  - {fileID: 8296391863247294116}
  - {fileID: 8296391864786991008}
  - {fileID: 8296391865156349162}
  - {fileID: 8296391864193938885}
  - {fileID: 2621731579447619408}
  - {fileID: 8296391864217850868}
  - {fileID: 8296391863627908499}
  - {fileID: 8296391864362001864}
  - {fileID: 8296391864019831839}
  - {fileID: 8596809022591595116}
  m_Father: {fileID: 0}
  m_RootOrder: 0
  m_LocalEulerAnglesHint: {x: 0, y: 0, z: 0}
--- !u!114 &8296391864347172984
MonoBehaviour:
  m_ObjectHideFlags: 0
  m_CorrespondingSourceObject: {fileID: 0}
  m_PrefabInstance: {fileID: 0}
  m_PrefabAsset: {fileID: 0}
  m_GameObject: {fileID: 8296391864347172986}
  m_Enabled: 1
  m_EditorHideFlags: 0
  m_Script: {fileID: 11500000, guid: 2917c4874a6c9e64a80d16b0e96db6ad, type: 3}
  m_Name: 
  m_EditorClassIdentifier: 
  railId: 0
  startPoint: {fileID: 0}
--- !u!65 &1940387009677123567
BoxCollider:
  m_ObjectHideFlags: 0
  m_CorrespondingSourceObject: {fileID: 0}
  m_PrefabInstance: {fileID: 0}
  m_PrefabAsset: {fileID: 0}
  m_GameObject: {fileID: 8296391864347172986}
  m_Material: {fileID: 0}
  m_IsTrigger: 1
  m_Enabled: 1
  serializedVersion: 2
  m_Size: {x: 1, y: 1.9900593, z: 1.8757253}
  m_Center: {x: 0, y: -0.1733039, z: 2.8010263}
--- !u!114 &5448327973128609617
MonoBehaviour:
  m_ObjectHideFlags: 0
  m_CorrespondingSourceObject: {fileID: 0}
  m_PrefabInstance: {fileID: 0}
  m_PrefabAsset: {fileID: 0}
  m_GameObject: {fileID: 8296391864347172986}
  m_Enabled: 1
  m_EditorHideFlags: 0
  m_Script: {fileID: 11500000, guid: 045f7781e665d404e8ab6151ce7aa058, type: 3}
  m_Name: 
  m_EditorClassIdentifier: 
  speed: {x: 0, y: 1.5, z: 1}
--- !u!1 &8296391864362001867
GameObject:
  m_ObjectHideFlags: 0
  m_CorrespondingSourceObject: {fileID: 0}
  m_PrefabInstance: {fileID: 0}
  m_PrefabAsset: {fileID: 0}
  serializedVersion: 6
  m_Component:
  - component: {fileID: 8296391864362001864}
  - component: {fileID: 8296391864362001860}
  - component: {fileID: 8296391864362001863}
  - component: {fileID: 8296391864362001862}
  - component: {fileID: 8296391864362001865}
  m_Layer: 0
  m_Name: Cylinder
  m_TagString: Untagged
  m_Icon: {fileID: 0}
  m_NavMeshLayer: 0
  m_StaticEditorFlags: 0
  m_IsActive: 1
--- !u!4 &8296391864362001864
Transform:
  m_ObjectHideFlags: 0
  m_CorrespondingSourceObject: {fileID: 0}
  m_PrefabInstance: {fileID: 0}
  m_PrefabAsset: {fileID: 0}
  m_GameObject: {fileID: 8296391864362001867}
  m_LocalRotation: {x: -0.32615283, y: -0, z: -0, w: 0.9453171}
  m_LocalPosition: {x: 0.23799896, y: 0.056, z: 1.185}
  m_LocalScale: {x: 1, y: 0.49841, z: 1}
  m_Children: []
  m_Father: {fileID: 8296391864347172987}
  m_RootOrder: 7
  m_LocalEulerAnglesHint: {x: 0, y: 0, z: 0}
--- !u!114 &8296391864362001860
MonoBehaviour:
  m_ObjectHideFlags: 0
  m_CorrespondingSourceObject: {fileID: 0}
  m_PrefabInstance: {fileID: 0}
  m_PrefabAsset: {fileID: 0}
  m_GameObject: {fileID: 8296391864362001867}
  m_Enabled: 1
  m_EditorHideFlags: 0
  m_Script: {fileID: 11500000, guid: 8233d90336aea43098adf6dbabd606a2, type: 3}
  m_Name: 
  m_EditorClassIdentifier: 
  m_MeshFormatVersion: 1
  m_Faces:
  - m_Indexes: 000000000100000002000000010000000300000002000000
    m_SmoothingGroup: 1
    m_Uv:
      m_UseWorldSpace: 0
      m_FlipU: 0
      m_FlipV: 0
      m_SwapUV: 0
      m_Fill: 1
      m_Scale: {x: 1, y: 1}
      m_Offset: {x: 0, y: 0}
      m_Rotation: 0
      m_Anchor: 9
    m_Material: {fileID: 0}
    m_SubmeshIndex: 0
    m_ManualUV: 0
    elementGroup: -1
    m_TextureGroup: -1
  - m_Indexes: 040000000500000006000000050000000700000006000000
    m_SmoothingGroup: 1
    m_Uv:
      m_UseWorldSpace: 0
      m_FlipU: 0
      m_FlipV: 0
      m_SwapUV: 0
      m_Fill: 1
      m_Scale: {x: 1, y: 1}
      m_Offset: {x: 0, y: 0}
      m_Rotation: 0
      m_Anchor: 9
    m_Material: {fileID: 0}
    m_SubmeshIndex: 0
    m_ManualUV: 0
    elementGroup: -1
    m_TextureGroup: -1
  - m_Indexes: 08000000090000000a000000090000000b0000000a000000
    m_SmoothingGroup: 1
    m_Uv:
      m_UseWorldSpace: 0
      m_FlipU: 0
      m_FlipV: 0
      m_SwapUV: 0
      m_Fill: 1
      m_Scale: {x: 1, y: 1}
      m_Offset: {x: 0, y: 0}
      m_Rotation: 0
      m_Anchor: 9
    m_Material: {fileID: 0}
    m_SubmeshIndex: 0
    m_ManualUV: 0
    elementGroup: -1
    m_TextureGroup: -1
  - m_Indexes: 0c0000000d0000000e0000000d0000000f0000000e000000
    m_SmoothingGroup: 1
    m_Uv:
      m_UseWorldSpace: 0
      m_FlipU: 0
      m_FlipV: 0
      m_SwapUV: 0
      m_Fill: 1
      m_Scale: {x: 1, y: 1}
      m_Offset: {x: 0, y: 0}
      m_Rotation: 0
      m_Anchor: 9
    m_Material: {fileID: 0}
    m_SubmeshIndex: 0
    m_ManualUV: 0
    elementGroup: -1
    m_TextureGroup: -1
  - m_Indexes: 100000001100000012000000110000001300000012000000
    m_SmoothingGroup: 1
    m_Uv:
      m_UseWorldSpace: 0
      m_FlipU: 0
      m_FlipV: 0
      m_SwapUV: 0
      m_Fill: 1
      m_Scale: {x: 1, y: 1}
      m_Offset: {x: 0, y: 0}
      m_Rotation: 0
      m_Anchor: 9
    m_Material: {fileID: 0}
    m_SubmeshIndex: 0
    m_ManualUV: 0
    elementGroup: -1
    m_TextureGroup: -1
  - m_Indexes: 140000001500000016000000150000001700000016000000
    m_SmoothingGroup: 1
    m_Uv:
      m_UseWorldSpace: 0
      m_FlipU: 0
      m_FlipV: 0
      m_SwapUV: 0
      m_Fill: 1
      m_Scale: {x: 1, y: 1}
      m_Offset: {x: 0, y: 0}
      m_Rotation: 0
      m_Anchor: 9
    m_Material: {fileID: 0}
    m_SubmeshIndex: 0
    m_ManualUV: 0
    elementGroup: -1
    m_TextureGroup: -1
  - m_Indexes: 18000000190000001a000000190000001b0000001a000000
    m_SmoothingGroup: 1
    m_Uv:
      m_UseWorldSpace: 0
      m_FlipU: 0
      m_FlipV: 0
      m_SwapUV: 0
      m_Fill: 1
      m_Scale: {x: 1, y: 1}
      m_Offset: {x: 0, y: 0}
      m_Rotation: 0
      m_Anchor: 9
    m_Material: {fileID: 0}
    m_SubmeshIndex: 0
    m_ManualUV: 0
    elementGroup: -1
    m_TextureGroup: -1
  - m_Indexes: 1c0000001d0000001e0000001d0000001f0000001e000000
    m_SmoothingGroup: 1
    m_Uv:
      m_UseWorldSpace: 0
      m_FlipU: 0
      m_FlipV: 0
      m_SwapUV: 0
      m_Fill: 1
      m_Scale: {x: 1, y: 1}
      m_Offset: {x: 0, y: 0}
      m_Rotation: 0
      m_Anchor: 9
    m_Material: {fileID: 0}
    m_SubmeshIndex: 0
    m_ManualUV: 0
    elementGroup: -1
    m_TextureGroup: -1
  - m_Indexes: 200000002100000022000000210000002300000022000000
    m_SmoothingGroup: 1
    m_Uv:
      m_UseWorldSpace: 0
      m_FlipU: 0
      m_FlipV: 0
      m_SwapUV: 0
      m_Fill: 1
      m_Scale: {x: 1, y: 1}
      m_Offset: {x: 0, y: 0}
      m_Rotation: 0
      m_Anchor: 9
    m_Material: {fileID: 0}
    m_SubmeshIndex: 0
    m_ManualUV: 0
    elementGroup: -1
    m_TextureGroup: -1
  - m_Indexes: 240000002500000026000000250000002700000026000000
    m_SmoothingGroup: 1
    m_Uv:
      m_UseWorldSpace: 0
      m_FlipU: 0
      m_FlipV: 0
      m_SwapUV: 0
      m_Fill: 1
      m_Scale: {x: 1, y: 1}
      m_Offset: {x: 0, y: 0}
      m_Rotation: 0
      m_Anchor: 9
    m_Material: {fileID: 0}
    m_SubmeshIndex: 0
    m_ManualUV: 0
    elementGroup: -1
    m_TextureGroup: -1
  - m_Indexes: 28000000290000002a000000290000002b0000002a000000
    m_SmoothingGroup: 1
    m_Uv:
      m_UseWorldSpace: 0
      m_FlipU: 0
      m_FlipV: 0
      m_SwapUV: 0
      m_Fill: 1
      m_Scale: {x: 1, y: 1}
      m_Offset: {x: 0, y: 0}
      m_Rotation: 0
      m_Anchor: 9
    m_Material: {fileID: 0}
    m_SubmeshIndex: 0
    m_ManualUV: 0
    elementGroup: -1
    m_TextureGroup: -1
  - m_Indexes: 2c0000002d0000002e0000002d0000002f0000002e000000
    m_SmoothingGroup: 1
    m_Uv:
      m_UseWorldSpace: 0
      m_FlipU: 0
      m_FlipV: 0
      m_SwapUV: 0
      m_Fill: 1
      m_Scale: {x: 1, y: 1}
      m_Offset: {x: 0, y: 0}
      m_Rotation: 0
      m_Anchor: 9
    m_Material: {fileID: 0}
    m_SubmeshIndex: 0
    m_ManualUV: 0
    elementGroup: -1
    m_TextureGroup: -1
  - m_Indexes: 300000003100000032000000310000003300000032000000
    m_SmoothingGroup: 1
    m_Uv:
      m_UseWorldSpace: 0
      m_FlipU: 0
      m_FlipV: 0
      m_SwapUV: 0
      m_Fill: 1
      m_Scale: {x: 1, y: 1}
      m_Offset: {x: 0, y: 0}
      m_Rotation: 0
      m_Anchor: 9
    m_Material: {fileID: 0}
    m_SubmeshIndex: 0
    m_ManualUV: 0
    elementGroup: -1
    m_TextureGroup: -1
  - m_Indexes: 340000003500000036000000350000003700000036000000
    m_SmoothingGroup: 1
    m_Uv:
      m_UseWorldSpace: 0
      m_FlipU: 0
      m_FlipV: 0
      m_SwapUV: 0
      m_Fill: 1
      m_Scale: {x: 1, y: 1}
      m_Offset: {x: 0, y: 0}
      m_Rotation: 0
      m_Anchor: 9
    m_Material: {fileID: 0}
    m_SubmeshIndex: 0
    m_ManualUV: 0
    elementGroup: -1
    m_TextureGroup: -1
  - m_Indexes: 38000000390000003a000000390000003b0000003a000000
    m_SmoothingGroup: 1
    m_Uv:
      m_UseWorldSpace: 0
      m_FlipU: 0
      m_FlipV: 0
      m_SwapUV: 0
      m_Fill: 1
      m_Scale: {x: 1, y: 1}
      m_Offset: {x: 0, y: 0}
      m_Rotation: 0
      m_Anchor: 9
    m_Material: {fileID: 0}
    m_SubmeshIndex: 0
    m_ManualUV: 0
    elementGroup: -1
    m_TextureGroup: -1
  - m_Indexes: 3c0000003d0000003e0000003d0000003f0000003e000000
    m_SmoothingGroup: 1
    m_Uv:
      m_UseWorldSpace: 0
      m_FlipU: 0
      m_FlipV: 0
      m_SwapUV: 0
      m_Fill: 1
      m_Scale: {x: 1, y: 1}
      m_Offset: {x: 0, y: 0}
      m_Rotation: 0
      m_Anchor: 9
    m_Material: {fileID: 0}
    m_SubmeshIndex: 0
    m_ManualUV: 0
    elementGroup: -1
    m_TextureGroup: -1
  - m_Indexes: 420000004100000040000000
    m_SmoothingGroup: 0
    m_Uv:
      m_UseWorldSpace: 0
      m_FlipU: 0
      m_FlipV: 0
      m_SwapUV: 0
      m_Fill: 1
      m_Scale: {x: 1, y: 1}
      m_Offset: {x: 0, y: 0}
      m_Rotation: 0
      m_Anchor: 9
    m_Material: {fileID: 2100000, guid: c22777d6e868e4f2fb421913386b154e, type: 2}
    m_SubmeshIndex: 0
    m_ManualUV: 0
    elementGroup: 0
    m_TextureGroup: -1
  - m_Indexes: 480000004700000046000000
    m_SmoothingGroup: 0
    m_Uv:
      m_UseWorldSpace: 0
      m_FlipU: 0
      m_FlipV: 0
      m_SwapUV: 0
      m_Fill: 1
      m_Scale: {x: 1, y: 1}
      m_Offset: {x: 0, y: 0}
      m_Rotation: 0
      m_Anchor: 9
    m_Material: {fileID: 2100000, guid: c22777d6e868e4f2fb421913386b154e, type: 2}
    m_SubmeshIndex: 0
    m_ManualUV: 0
    elementGroup: 0
    m_TextureGroup: -1
  - m_Indexes: 4e0000004d0000004c000000
    m_SmoothingGroup: 0
    m_Uv:
      m_UseWorldSpace: 0
      m_FlipU: 0
      m_FlipV: 0
      m_SwapUV: 0
      m_Fill: 1
      m_Scale: {x: 1, y: 1}
      m_Offset: {x: 0, y: 0}
      m_Rotation: 0
      m_Anchor: 9
    m_Material: {fileID: 2100000, guid: c22777d6e868e4f2fb421913386b154e, type: 2}
    m_SubmeshIndex: 0
    m_ManualUV: 0
    elementGroup: 0
    m_TextureGroup: -1
  - m_Indexes: 540000005300000052000000
    m_SmoothingGroup: 0
    m_Uv:
      m_UseWorldSpace: 0
      m_FlipU: 0
      m_FlipV: 0
      m_SwapUV: 0
      m_Fill: 1
      m_Scale: {x: 1, y: 1}
      m_Offset: {x: 0, y: 0}
      m_Rotation: 0
      m_Anchor: 9
    m_Material: {fileID: 2100000, guid: c22777d6e868e4f2fb421913386b154e, type: 2}
    m_SubmeshIndex: 0
    m_ManualUV: 0
    elementGroup: 0
    m_TextureGroup: -1
  - m_Indexes: 5a0000005900000058000000
    m_SmoothingGroup: 0
    m_Uv:
      m_UseWorldSpace: 0
      m_FlipU: 0
      m_FlipV: 0
      m_SwapUV: 0
      m_Fill: 1
      m_Scale: {x: 1, y: 1}
      m_Offset: {x: 0, y: 0}
      m_Rotation: 0
      m_Anchor: 9
    m_Material: {fileID: 2100000, guid: c22777d6e868e4f2fb421913386b154e, type: 2}
    m_SubmeshIndex: 0
    m_ManualUV: 0
    elementGroup: 0
    m_TextureGroup: -1
  - m_Indexes: 600000005f0000005e000000
    m_SmoothingGroup: 0
    m_Uv:
      m_UseWorldSpace: 0
      m_FlipU: 0
      m_FlipV: 0
      m_SwapUV: 0
      m_Fill: 1
      m_Scale: {x: 1, y: 1}
      m_Offset: {x: 0, y: 0}
      m_Rotation: 0
      m_Anchor: 9
    m_Material: {fileID: 2100000, guid: c22777d6e868e4f2fb421913386b154e, type: 2}
    m_SubmeshIndex: 0
    m_ManualUV: 0
    elementGroup: 0
    m_TextureGroup: -1
  - m_Indexes: 660000006500000064000000
    m_SmoothingGroup: 0
    m_Uv:
      m_UseWorldSpace: 0
      m_FlipU: 0
      m_FlipV: 0
      m_SwapUV: 0
      m_Fill: 1
      m_Scale: {x: 1, y: 1}
      m_Offset: {x: 0, y: 0}
      m_Rotation: 0
      m_Anchor: 9
    m_Material: {fileID: 2100000, guid: c22777d6e868e4f2fb421913386b154e, type: 2}
    m_SubmeshIndex: 0
    m_ManualUV: 0
    elementGroup: 0
    m_TextureGroup: -1
  - m_Indexes: 6c0000006b0000006a000000
    m_SmoothingGroup: 0
    m_Uv:
      m_UseWorldSpace: 0
      m_FlipU: 0
      m_FlipV: 0
      m_SwapUV: 0
      m_Fill: 1
      m_Scale: {x: 1, y: 1}
      m_Offset: {x: 0, y: 0}
      m_Rotation: 0
      m_Anchor: 9
    m_Material: {fileID: 2100000, guid: c22777d6e868e4f2fb421913386b154e, type: 2}
    m_SubmeshIndex: 0
    m_ManualUV: 0
    elementGroup: 0
    m_TextureGroup: -1
  - m_Indexes: 720000007100000070000000
    m_SmoothingGroup: 0
    m_Uv:
      m_UseWorldSpace: 0
      m_FlipU: 0
      m_FlipV: 0
      m_SwapUV: 0
      m_Fill: 1
      m_Scale: {x: 1, y: 1}
      m_Offset: {x: 0, y: 0}
      m_Rotation: 0
      m_Anchor: 9
    m_Material: {fileID: 2100000, guid: c22777d6e868e4f2fb421913386b154e, type: 2}
    m_SubmeshIndex: 0
    m_ManualUV: 0
    elementGroup: 0
    m_TextureGroup: -1
  - m_Indexes: 780000007700000076000000
    m_SmoothingGroup: 0
    m_Uv:
      m_UseWorldSpace: 0
      m_FlipU: 0
      m_FlipV: 0
      m_SwapUV: 0
      m_Fill: 1
      m_Scale: {x: 1, y: 1}
      m_Offset: {x: 0, y: 0}
      m_Rotation: 0
      m_Anchor: 9
    m_Material: {fileID: 2100000, guid: c22777d6e868e4f2fb421913386b154e, type: 2}
    m_SubmeshIndex: 0
    m_ManualUV: 0
    elementGroup: 0
    m_TextureGroup: -1
  - m_Indexes: 7e0000007d0000007c000000
    m_SmoothingGroup: 0
    m_Uv:
      m_UseWorldSpace: 0
      m_FlipU: 0
      m_FlipV: 0
      m_SwapUV: 0
      m_Fill: 1
      m_Scale: {x: 1, y: 1}
      m_Offset: {x: 0, y: 0}
      m_Rotation: 0
      m_Anchor: 9
    m_Material: {fileID: 2100000, guid: c22777d6e868e4f2fb421913386b154e, type: 2}
    m_SubmeshIndex: 0
    m_ManualUV: 0
    elementGroup: 0
    m_TextureGroup: -1
  - m_Indexes: 840000008300000082000000
    m_SmoothingGroup: 0
    m_Uv:
      m_UseWorldSpace: 0
      m_FlipU: 0
      m_FlipV: 0
      m_SwapUV: 0
      m_Fill: 1
      m_Scale: {x: 1, y: 1}
      m_Offset: {x: 0, y: 0}
      m_Rotation: 0
      m_Anchor: 9
    m_Material: {fileID: 2100000, guid: c22777d6e868e4f2fb421913386b154e, type: 2}
    m_SubmeshIndex: 0
    m_ManualUV: 0
    elementGroup: 0
    m_TextureGroup: -1
  - m_Indexes: 8a0000008900000088000000
    m_SmoothingGroup: 0
    m_Uv:
      m_UseWorldSpace: 0
      m_FlipU: 0
      m_FlipV: 0
      m_SwapUV: 0
      m_Fill: 1
      m_Scale: {x: 1, y: 1}
      m_Offset: {x: 0, y: 0}
      m_Rotation: 0
      m_Anchor: 9
    m_Material: {fileID: 2100000, guid: c22777d6e868e4f2fb421913386b154e, type: 2}
    m_SubmeshIndex: 0
    m_ManualUV: 0
    elementGroup: 0
    m_TextureGroup: -1
  - m_Indexes: 900000008f0000008e000000
    m_SmoothingGroup: 0
    m_Uv:
      m_UseWorldSpace: 0
      m_FlipU: 0
      m_FlipV: 0
      m_SwapUV: 0
      m_Fill: 1
      m_Scale: {x: 1, y: 1}
      m_Offset: {x: 0, y: 0}
      m_Rotation: 0
      m_Anchor: 9
    m_Material: {fileID: 2100000, guid: c22777d6e868e4f2fb421913386b154e, type: 2}
    m_SubmeshIndex: 0
    m_ManualUV: 0
    elementGroup: 0
    m_TextureGroup: -1
  - m_Indexes: 960000009500000094000000
    m_SmoothingGroup: 0
    m_Uv:
      m_UseWorldSpace: 0
      m_FlipU: 0
      m_FlipV: 0
      m_SwapUV: 0
      m_Fill: 1
      m_Scale: {x: 1, y: 1}
      m_Offset: {x: 0, y: 0}
      m_Rotation: 0
      m_Anchor: 9
    m_Material: {fileID: 2100000, guid: c22777d6e868e4f2fb421913386b154e, type: 2}
    m_SubmeshIndex: 0
    m_ManualUV: 0
    elementGroup: 0
    m_TextureGroup: -1
  - m_Indexes: 9c0000009b0000009a000000
    m_SmoothingGroup: 0
    m_Uv:
      m_UseWorldSpace: 0
      m_FlipU: 0
      m_FlipV: 0
      m_SwapUV: 0
      m_Fill: 1
      m_Scale: {x: 1, y: 1}
      m_Offset: {x: 0, y: 0}
      m_Rotation: 0
      m_Anchor: 9
    m_Material: {fileID: 2100000, guid: c22777d6e868e4f2fb421913386b154e, type: 2}
    m_SubmeshIndex: 0
    m_ManualUV: 0
    elementGroup: 0
    m_TextureGroup: -1
  - m_Indexes: 430000004400000045000000
    m_SmoothingGroup: 0
    m_Uv:
      m_UseWorldSpace: 0
      m_FlipU: 0
      m_FlipV: 0
      m_SwapUV: 0
      m_Fill: 1
      m_Scale: {x: 1, y: 1}
      m_Offset: {x: 0, y: 0}
      m_Rotation: 0
      m_Anchor: 9
    m_Material: {fileID: 2100000, guid: c22777d6e868e4f2fb421913386b154e, type: 2}
    m_SubmeshIndex: 0
    m_ManualUV: 0
    elementGroup: 0
    m_TextureGroup: -1
  - m_Indexes: 490000004a0000004b000000
    m_SmoothingGroup: 0
    m_Uv:
      m_UseWorldSpace: 0
      m_FlipU: 0
      m_FlipV: 0
      m_SwapUV: 0
      m_Fill: 1
      m_Scale: {x: 1, y: 1}
      m_Offset: {x: 0, y: 0}
      m_Rotation: 0
      m_Anchor: 9
    m_Material: {fileID: 2100000, guid: c22777d6e868e4f2fb421913386b154e, type: 2}
    m_SubmeshIndex: 0
    m_ManualUV: 0
    elementGroup: 0
    m_TextureGroup: -1
  - m_Indexes: 4f0000005000000051000000
    m_SmoothingGroup: 0
    m_Uv:
      m_UseWorldSpace: 0
      m_FlipU: 0
      m_FlipV: 0
      m_SwapUV: 0
      m_Fill: 1
      m_Scale: {x: 1, y: 1}
      m_Offset: {x: 0, y: 0}
      m_Rotation: 0
      m_Anchor: 9
    m_Material: {fileID: 2100000, guid: c22777d6e868e4f2fb421913386b154e, type: 2}
    m_SubmeshIndex: 0
    m_ManualUV: 0
    elementGroup: 0
    m_TextureGroup: -1
  - m_Indexes: 550000005600000057000000
    m_SmoothingGroup: 0
    m_Uv:
      m_UseWorldSpace: 0
      m_FlipU: 0
      m_FlipV: 0
      m_SwapUV: 0
      m_Fill: 1
      m_Scale: {x: 1, y: 1}
      m_Offset: {x: 0, y: 0}
      m_Rotation: 0
      m_Anchor: 9
    m_Material: {fileID: 2100000, guid: c22777d6e868e4f2fb421913386b154e, type: 2}
    m_SubmeshIndex: 0
    m_ManualUV: 0
    elementGroup: 0
    m_TextureGroup: -1
  - m_Indexes: 5b0000005c0000005d000000
    m_SmoothingGroup: 0
    m_Uv:
      m_UseWorldSpace: 0
      m_FlipU: 0
      m_FlipV: 0
      m_SwapUV: 0
      m_Fill: 1
      m_Scale: {x: 1, y: 1}
      m_Offset: {x: 0, y: 0}
      m_Rotation: 0
      m_Anchor: 9
    m_Material: {fileID: 2100000, guid: c22777d6e868e4f2fb421913386b154e, type: 2}
    m_SubmeshIndex: 0
    m_ManualUV: 0
    elementGroup: 0
    m_TextureGroup: -1
  - m_Indexes: 610000006200000063000000
    m_SmoothingGroup: 0
    m_Uv:
      m_UseWorldSpace: 0
      m_FlipU: 0
      m_FlipV: 0
      m_SwapUV: 0
      m_Fill: 1
      m_Scale: {x: 1, y: 1}
      m_Offset: {x: 0, y: 0}
      m_Rotation: 0
      m_Anchor: 9
    m_Material: {fileID: 2100000, guid: c22777d6e868e4f2fb421913386b154e, type: 2}
    m_SubmeshIndex: 0
    m_ManualUV: 0
    elementGroup: 0
    m_TextureGroup: -1
  - m_Indexes: 670000006800000069000000
    m_SmoothingGroup: 0
    m_Uv:
      m_UseWorldSpace: 0
      m_FlipU: 0
      m_FlipV: 0
      m_SwapUV: 0
      m_Fill: 1
      m_Scale: {x: 1, y: 1}
      m_Offset: {x: 0, y: 0}
      m_Rotation: 0
      m_Anchor: 9
    m_Material: {fileID: 2100000, guid: c22777d6e868e4f2fb421913386b154e, type: 2}
    m_SubmeshIndex: 0
    m_ManualUV: 0
    elementGroup: 0
    m_TextureGroup: -1
  - m_Indexes: 6d0000006e0000006f000000
    m_SmoothingGroup: 0
    m_Uv:
      m_UseWorldSpace: 0
      m_FlipU: 0
      m_FlipV: 0
      m_SwapUV: 0
      m_Fill: 1
      m_Scale: {x: 1, y: 1}
      m_Offset: {x: 0, y: 0}
      m_Rotation: 0
      m_Anchor: 9
    m_Material: {fileID: 2100000, guid: c22777d6e868e4f2fb421913386b154e, type: 2}
    m_SubmeshIndex: 0
    m_ManualUV: 0
    elementGroup: 0
    m_TextureGroup: -1
  - m_Indexes: 730000007400000075000000
    m_SmoothingGroup: 0
    m_Uv:
      m_UseWorldSpace: 0
      m_FlipU: 0
      m_FlipV: 0
      m_SwapUV: 0
      m_Fill: 1
      m_Scale: {x: 1, y: 1}
      m_Offset: {x: 0, y: 0}
      m_Rotation: 0
      m_Anchor: 9
    m_Material: {fileID: 2100000, guid: c22777d6e868e4f2fb421913386b154e, type: 2}
    m_SubmeshIndex: 0
    m_ManualUV: 0
    elementGroup: 0
    m_TextureGroup: -1
  - m_Indexes: 790000007a0000007b000000
    m_SmoothingGroup: 0
    m_Uv:
      m_UseWorldSpace: 0
      m_FlipU: 0
      m_FlipV: 0
      m_SwapUV: 0
      m_Fill: 1
      m_Scale: {x: 1, y: 1}
      m_Offset: {x: 0, y: 0}
      m_Rotation: 0
      m_Anchor: 9
    m_Material: {fileID: 2100000, guid: c22777d6e868e4f2fb421913386b154e, type: 2}
    m_SubmeshIndex: 0
    m_ManualUV: 0
    elementGroup: 0
    m_TextureGroup: -1
  - m_Indexes: 7f0000008000000081000000
    m_SmoothingGroup: 0
    m_Uv:
      m_UseWorldSpace: 0
      m_FlipU: 0
      m_FlipV: 0
      m_SwapUV: 0
      m_Fill: 1
      m_Scale: {x: 1, y: 1}
      m_Offset: {x: 0, y: 0}
      m_Rotation: 0
      m_Anchor: 9
    m_Material: {fileID: 2100000, guid: c22777d6e868e4f2fb421913386b154e, type: 2}
    m_SubmeshIndex: 0
    m_ManualUV: 0
    elementGroup: 0
    m_TextureGroup: -1
  - m_Indexes: 850000008600000087000000
    m_SmoothingGroup: 0
    m_Uv:
      m_UseWorldSpace: 0
      m_FlipU: 0
      m_FlipV: 0
      m_SwapUV: 0
      m_Fill: 1
      m_Scale: {x: 1, y: 1}
      m_Offset: {x: 0, y: 0}
      m_Rotation: 0
      m_Anchor: 9
    m_Material: {fileID: 2100000, guid: c22777d6e868e4f2fb421913386b154e, type: 2}
    m_SubmeshIndex: 0
    m_ManualUV: 0
    elementGroup: 0
    m_TextureGroup: -1
  - m_Indexes: 8b0000008c0000008d000000
    m_SmoothingGroup: 0
    m_Uv:
      m_UseWorldSpace: 0
      m_FlipU: 0
      m_FlipV: 0
      m_SwapUV: 0
      m_Fill: 1
      m_Scale: {x: 1, y: 1}
      m_Offset: {x: 0, y: 0}
      m_Rotation: 0
      m_Anchor: 9
    m_Material: {fileID: 2100000, guid: c22777d6e868e4f2fb421913386b154e, type: 2}
    m_SubmeshIndex: 0
    m_ManualUV: 0
    elementGroup: 0
    m_TextureGroup: -1
  - m_Indexes: 910000009200000093000000
    m_SmoothingGroup: 0
    m_Uv:
      m_UseWorldSpace: 0
      m_FlipU: 0
      m_FlipV: 0
      m_SwapUV: 0
      m_Fill: 1
      m_Scale: {x: 1, y: 1}
      m_Offset: {x: 0, y: 0}
      m_Rotation: 0
      m_Anchor: 9
    m_Material: {fileID: 2100000, guid: c22777d6e868e4f2fb421913386b154e, type: 2}
    m_SubmeshIndex: 0
    m_ManualUV: 0
    elementGroup: 0
    m_TextureGroup: -1
  - m_Indexes: 970000009800000099000000
    m_SmoothingGroup: 0
    m_Uv:
      m_UseWorldSpace: 0
      m_FlipU: 0
      m_FlipV: 0
      m_SwapUV: 0
      m_Fill: 1
      m_Scale: {x: 1, y: 1}
      m_Offset: {x: 0, y: 0}
      m_Rotation: 0
      m_Anchor: 9
    m_Material: {fileID: 2100000, guid: c22777d6e868e4f2fb421913386b154e, type: 2}
    m_SubmeshIndex: 0
    m_ManualUV: 0
    elementGroup: 0
    m_TextureGroup: -1
  - m_Indexes: 9d0000009e0000009f000000
    m_SmoothingGroup: 0
    m_Uv:
      m_UseWorldSpace: 0
      m_FlipU: 0
      m_FlipV: 0
      m_SwapUV: 0
      m_Fill: 1
      m_Scale: {x: 1, y: 1}
      m_Offset: {x: 0, y: 0}
      m_Rotation: 0
      m_Anchor: 9
    m_Material: {fileID: 2100000, guid: c22777d6e868e4f2fb421913386b154e, type: 2}
    m_SubmeshIndex: 0
    m_ManualUV: 0
    elementGroup: 0
    m_TextureGroup: -1
  m_SharedVertices:
  - m_Vertices: 000000003e000000400000009c000000
  - m_Vertices: 010000003f000000430000009f000000
  - m_Vertices: 02000000040000004200000046000000
  - m_Vertices: 03000000050000004500000049000000
  - m_Vertices: 0600000008000000480000004c000000
  - m_Vertices: 07000000090000004b0000004f000000
  - m_Vertices: 0a0000000c0000004e00000052000000
  - m_Vertices: 0b0000000d0000005100000055000000
  - m_Vertices: 0e000000100000005400000058000000
  - m_Vertices: 0f00000011000000570000005b000000
  - m_Vertices: 12000000140000005a0000005e000000
  - m_Vertices: 13000000150000005d00000061000000
  - m_Vertices: 16000000180000006000000064000000
  - m_Vertices: 17000000190000006300000067000000
  - m_Vertices: 1a0000001c000000660000006a000000
  - m_Vertices: 1b0000001d000000690000006d000000
  - m_Vertices: 1e000000200000006c00000070000000
  - m_Vertices: 1f000000210000006f00000073000000
  - m_Vertices: 22000000240000007200000076000000
  - m_Vertices: 23000000250000007500000079000000
  - m_Vertices: 2600000028000000780000007c000000
  - m_Vertices: 27000000290000007b0000007f000000
  - m_Vertices: 2a0000002c0000007e00000082000000
  - m_Vertices: 2b0000002d0000008100000085000000
  - m_Vertices: 2e000000300000008400000088000000
  - m_Vertices: 2f00000031000000870000008b000000
  - m_Vertices: 32000000340000008a0000008e000000
  - m_Vertices: 33000000350000008d00000091000000
  - m_Vertices: 36000000380000009000000094000000
  - m_Vertices: 37000000390000009300000097000000
  - m_Vertices: 3a0000003c000000960000009a000000
  - m_Vertices: 3b0000003d000000990000009d000000
  - m_Vertices: 41000000470000004d00000053000000590000005f000000650000006b00000071000000770000007d00000083000000890000008f000000950000009b000000
  - m_Vertices: 440000004a00000050000000560000005c00000062000000680000006e000000740000007a00000080000000860000008c00000092000000980000009e000000
  m_SharedTextures: []
  m_Positions:
  - {x: 0, y: 0, z: 0}
  - {x: 0, y: 0.5, z: 0}
  - {x: -0.017507717, y: 0, z: 0.088017195}
  - {x: -0.017507717, y: 0.5, z: 0.088017195}
  - {x: -0.017507717, y: 0, z: 0.088017195}
  - {x: -0.017507717, y: 0.5, z: 0.088017195}
  - {x: -0.06736544, y: 0, z: 0.16263457}
  - {x: -0.06736544, y: 0.5, z: 0.16263457}
  - {x: -0.06736544, y: 0, z: 0.16263457}
  - {x: -0.06736544, y: 0.5, z: 0.16263457}
  - {x: -0.14198282, y: 0, z: 0.21249229}
  - {x: -0.14198282, y: 0.5, z: 0.21249229}
  - {x: -0.14198282, y: 0, z: 0.21249229}
  - {x: -0.14198282, y: 0.5, z: 0.21249229}
  - {x: -0.23000002, y: 0, z: 0.23}
  - {x: -0.23000002, y: 0.5, z: 0.23}
  - {x: -0.23000002, y: 0, z: 0.23}
  - {x: -0.23000002, y: 0.5, z: 0.23}
  - {x: -0.31801718, y: 0, z: 0.2124923}
  - {x: -0.31801718, y: 0.5, z: 0.2124923}
  - {x: -0.31801718, y: 0, z: 0.2124923}
  - {x: -0.31801718, y: 0.5, z: 0.2124923}
  - {x: -0.39263457, y: 0, z: 0.16263457}
  - {x: -0.39263457, y: 0.5, z: 0.16263457}
  - {x: -0.39263457, y: 0, z: 0.16263457}
  - {x: -0.39263457, y: 0.5, z: 0.16263457}
  - {x: -0.4424923, y: 0, z: 0.0880172}
  - {x: -0.4424923, y: 0.5, z: 0.0880172}
  - {x: -0.4424923, y: 0, z: 0.0880172}
  - {x: -0.4424923, y: 0.5, z: 0.0880172}
  - {x: -0.46, y: 0, z: -0.000000020107239}
  - {x: -0.46, y: 0.5, z: -0.000000020107239}
  - {x: -0.46, y: 0, z: -0.000000020107239}
  - {x: -0.46, y: 0.5, z: -0.000000020107239}
  - {x: -0.4424923, y: 0, z: -0.08801719}
  - {x: -0.4424923, y: 0.5, z: -0.08801719}
  - {x: -0.4424923, y: 0, z: -0.08801719}
  - {x: -0.4424923, y: 0.5, z: -0.08801719}
  - {x: -0.39263457, y: 0, z: -0.16263455}
  - {x: -0.39263457, y: 0.5, z: -0.16263455}
  - {x: -0.39263457, y: 0, z: -0.16263455}
  - {x: -0.39263457, y: 0.5, z: -0.16263455}
  - {x: -0.31801724, y: 0, z: -0.21249229}
  - {x: -0.31801724, y: 0.5, z: -0.21249229}
  - {x: -0.31801724, y: 0, z: -0.21249229}
  - {x: -0.31801724, y: 0.5, z: -0.21249229}
  - {x: -0.23, y: 0, z: -0.23}
  - {x: -0.23, y: 0.5, z: -0.23}
  - {x: -0.23, y: 0, z: -0.23}
  - {x: -0.23, y: 0.5, z: -0.23}
  - {x: -0.14198276, y: 0, z: -0.21249227}
  - {x: -0.14198276, y: 0.5, z: -0.21249227}
  - {x: -0.14198276, y: 0, z: -0.21249227}
  - {x: -0.14198276, y: 0.5, z: -0.21249227}
  - {x: -0.06736547, y: 0, z: -0.16263458}
  - {x: -0.06736547, y: 0.5, z: -0.16263458}
  - {x: -0.06736547, y: 0, z: -0.16263458}
  - {x: -0.06736547, y: 0.5, z: -0.16263458}
  - {x: -0.017507702, y: 0, z: -0.08801719}
  - {x: -0.017507702, y: 0.5, z: -0.08801719}
  - {x: -0.017507702, y: 0, z: -0.08801719}
  - {x: -0.017507702, y: 0.5, z: -0.08801719}
  - {x: 0, y: 0, z: 0}
  - {x: 0, y: 0.5, z: 0}
  - {x: 0, y: 0, z: 0}
  - {x: -0.23, y: 0, z: 0}
  - {x: -0.017507717, y: 0, z: 0.088017195}
  - {x: 0, y: 0.5, z: 0}
  - {x: -0.23, y: 0.5, z: 0}
  - {x: -0.017507717, y: 0.5, z: 0.088017195}
  - {x: -0.017507717, y: 0, z: 0.088017195}
  - {x: -0.23, y: 0, z: 0}
  - {x: -0.06736544, y: 0, z: 0.16263457}
  - {x: -0.017507717, y: 0.5, z: 0.088017195}
  - {x: -0.23, y: 0.5, z: 0}
  - {x: -0.06736544, y: 0.5, z: 0.16263457}
  - {x: -0.06736544, y: 0, z: 0.16263457}
  - {x: -0.23, y: 0, z: 0}
  - {x: -0.14198282, y: 0, z: 0.21249229}
  - {x: -0.06736544, y: 0.5, z: 0.16263457}
  - {x: -0.23, y: 0.5, z: 0}
  - {x: -0.14198282, y: 0.5, z: 0.21249229}
  - {x: -0.14198282, y: 0, z: 0.21249229}
  - {x: -0.23, y: 0, z: 0}
  - {x: -0.23000002, y: 0, z: 0.23}
  - {x: -0.14198282, y: 0.5, z: 0.21249229}
  - {x: -0.23, y: 0.5, z: 0}
  - {x: -0.23000002, y: 0.5, z: 0.23}
  - {x: -0.23000002, y: 0, z: 0.23}
  - {x: -0.23, y: 0, z: 0}
  - {x: -0.31801718, y: 0, z: 0.2124923}
  - {x: -0.23000002, y: 0.5, z: 0.23}
  - {x: -0.23, y: 0.5, z: 0}
  - {x: -0.31801718, y: 0.5, z: 0.2124923}
  - {x: -0.31801718, y: 0, z: 0.2124923}
  - {x: -0.23, y: 0, z: 0}
  - {x: -0.39263457, y: 0, z: 0.16263457}
  - {x: -0.31801718, y: 0.5, z: 0.2124923}
  - {x: -0.23, y: 0.5, z: 0}
  - {x: -0.39263457, y: 0.5, z: 0.16263457}
  - {x: -0.39263457, y: 0, z: 0.16263457}
  - {x: -0.23, y: 0, z: 0}
  - {x: -0.4424923, y: 0, z: 0.0880172}
  - {x: -0.39263457, y: 0.5, z: 0.16263457}
  - {x: -0.23, y: 0.5, z: 0}
  - {x: -0.4424923, y: 0.5, z: 0.0880172}
  - {x: -0.4424923, y: 0, z: 0.0880172}
  - {x: -0.23, y: 0, z: 0}
  - {x: -0.46, y: 0, z: -0.000000020107239}
  - {x: -0.4424923, y: 0.5, z: 0.0880172}
  - {x: -0.23, y: 0.5, z: 0}
  - {x: -0.46, y: 0.5, z: -0.000000020107239}
  - {x: -0.46, y: 0, z: -0.000000020107239}
  - {x: -0.23, y: 0, z: 0}
  - {x: -0.4424923, y: 0, z: -0.08801719}
  - {x: -0.46, y: 0.5, z: -0.000000020107239}
  - {x: -0.23, y: 0.5, z: 0}
  - {x: -0.4424923, y: 0.5, z: -0.08801719}
  - {x: -0.4424923, y: 0, z: -0.08801719}
  - {x: -0.23, y: 0, z: 0}
  - {x: -0.39263457, y: 0, z: -0.16263455}
  - {x: -0.4424923, y: 0.5, z: -0.08801719}
  - {x: -0.23, y: 0.5, z: 0}
  - {x: -0.39263457, y: 0.5, z: -0.16263455}
  - {x: -0.39263457, y: 0, z: -0.16263455}
  - {x: -0.23, y: 0, z: 0}
  - {x: -0.31801724, y: 0, z: -0.21249229}
  - {x: -0.39263457, y: 0.5, z: -0.16263455}
  - {x: -0.23, y: 0.5, z: 0}
  - {x: -0.31801724, y: 0.5, z: -0.21249229}
  - {x: -0.31801724, y: 0, z: -0.21249229}
  - {x: -0.23, y: 0, z: 0}
  - {x: -0.23, y: 0, z: -0.23}
  - {x: -0.31801724, y: 0.5, z: -0.21249229}
  - {x: -0.23, y: 0.5, z: 0}
  - {x: -0.23, y: 0.5, z: -0.23}
  - {x: -0.23, y: 0, z: -0.23}
  - {x: -0.23, y: 0, z: 0}
  - {x: -0.14198276, y: 0, z: -0.21249227}
  - {x: -0.23, y: 0.5, z: -0.23}
  - {x: -0.23, y: 0.5, z: 0}
  - {x: -0.14198276, y: 0.5, z: -0.21249227}
  - {x: -0.14198276, y: 0, z: -0.21249227}
  - {x: -0.23, y: 0, z: 0}
  - {x: -0.06736547, y: 0, z: -0.16263458}
  - {x: -0.14198276, y: 0.5, z: -0.21249227}
  - {x: -0.23, y: 0.5, z: 0}
  - {x: -0.06736547, y: 0.5, z: -0.16263458}
  - {x: -0.06736547, y: 0, z: -0.16263458}
  - {x: -0.23, y: 0, z: 0}
  - {x: -0.017507702, y: 0, z: -0.08801719}
  - {x: -0.06736547, y: 0.5, z: -0.16263458}
  - {x: -0.23, y: 0.5, z: 0}
  - {x: -0.017507702, y: 0.5, z: -0.08801719}
  - {x: -0.017507702, y: 0, z: -0.08801719}
  - {x: -0.23, y: 0, z: 0}
  - {x: 0, y: 0, z: 0}
  - {x: -0.017507702, y: 0.5, z: -0.08801719}
  - {x: -0.23, y: 0.5, z: 0}
  - {x: 0, y: 0.5, z: 0}
  m_Textures0:
  - {x: 0, y: 0}
  - {x: 0, y: 0.5}
  - {x: 0.08974156, y: 0}
  - {x: 0.08974156, y: 0.5}
  - {x: 0.08291039, y: 0}
  - {x: 0.08291039, y: 0.5}
  - {x: 0.17265193, y: 0}
  - {x: 0.17265193, y: 0.5}
  - {x: 0.14636722, y: 0}
  - {x: 0.14636722, y: 0.5}
  - {x: 0.23610877, y: 0}
  - {x: 0.23610877, y: 0.5}
  - {x: 0.18070987, y: 0}
  - {x: 0.18070987, y: 0.5}
  - {x: 0.27045143, y: 0}
  - {x: 0.27045143, y: 0.5}
  - {x: 0.18070987, y: 0}
  - {x: 0.18070987, y: 0.5}
  - {x: 0.2704514, y: 0}
  - {x: 0.2704514, y: 0.5}
  - {x: 0.14636725, y: 0}
  - {x: 0.14636725, y: 0.5}
  - {x: 0.23610881, y: 0}
  - {x: 0.23610881, y: 0.5}
  - {x: 0.08291041, y: 0}
  - {x: 0.08291041, y: 0.5}
  - {x: 0.17265196, y: 0}
  - {x: 0.17265196, y: 0.5}
  - {x: -0.00000007175986, y: 0}
  - {x: -0.00000007175986, y: 0.5}
  - {x: 0.089741506, y: 0}
  - {x: 0.089741506, y: 0.5}
  - {x: -0.08974153, y: 0}
  - {x: -0.08974153, y: 0.5}
  - {x: -0.000000002197829, y: 0}
  - {x: -0.000000002197829, y: 0.5}
  - {x: -0.17265198, y: 0}
  - {x: -0.17265198, y: 0.5}
  - {x: -0.082910426, y: 0}
  - {x: -0.082910426, y: 0.5}
  - {x: -0.2361087, y: 0}
  - {x: -0.2361087, y: 0.5}
  - {x: -0.14636719, y: 0}
  - {x: -0.14636719, y: 0.5}
  - {x: -0.27045146, y: 0}
  - {x: -0.27045146, y: 0.5}
  - {x: -0.18070985, y: 0}
  - {x: -0.18070985, y: 0.5}
  - {x: -0.27045143, y: 0}
  - {x: -0.27045143, y: 0.5}
  - {x: -0.18070982, y: 0}
  - {x: -0.18070982, y: 0.5}
  - {x: -0.23610875, y: 0}
  - {x: -0.23610875, y: 0.5}
  - {x: -0.14636728, y: 0}
  - {x: -0.14636728, y: 0.5}
  - {x: -0.17265196, y: 0}
  - {x: -0.17265196, y: 0.5}
  - {x: -0.082910374, y: 0}
  - {x: -0.082910374, y: 0.5}
  - {x: -0.08974155, y: 0}
  - {x: -0.08974155, y: 0.5}
  - {x: 0, y: 0}
  - {x: 0, y: 0.5}
  - {x: 0, y: 0}
  - {x: 0.23, y: 0}
  - {x: 0.017507717, y: 0.088017195}
  - {x: 0, y: 0}
  - {x: -0.23, y: 0}
  - {x: -0.017507717, y: 0.088017195}
  - {x: 0.017507717, y: 0.088017195}
  - {x: 0.23, y: 0}
  - {x: 0.06736544, y: 0.16263457}
  - {x: -0.017507717, y: 0.088017195}
  - {x: -0.23, y: 0}
  - {x: -0.06736544, y: 0.16263457}
  - {x: 0.06736544, y: 0.16263457}
  - {x: 0.23, y: 0}
  - {x: 0.14198282, y: 0.21249229}
  - {x: -0.06736544, y: 0.16263457}
  - {x: -0.23, y: 0}
  - {x: -0.14198282, y: 0.21249229}
  - {x: 0.14198282, y: 0.21249229}
  - {x: 0.23, y: 0}
  - {x: 0.23000002, y: 0.23}
  - {x: -0.14198282, y: 0.21249229}
  - {x: -0.23, y: 0}
  - {x: -0.23000002, y: 0.23}
  - {x: 0.23000002, y: 0.23}
  - {x: 0.23, y: 0}
  - {x: 0.31801718, y: 0.2124923}
  - {x: -0.23000002, y: 0.23}
  - {x: -0.23, y: 0}
  - {x: -0.31801718, y: 0.2124923}
  - {x: 0.31801718, y: 0.2124923}
  - {x: 0.23, y: 0}
  - {x: 0.39263457, y: 0.16263457}
  - {x: -0.31801718, y: 0.2124923}
  - {x: -0.23, y: 0}
  - {x: -0.39263457, y: 0.16263457}
  - {x: 0.39263457, y: 0.16263457}
  - {x: 0.23, y: 0}
  - {x: 0.4424923, y: 0.0880172}
  - {x: -0.39263457, y: 0.16263457}
  - {x: -0.23, y: 0}
  - {x: -0.4424923, y: 0.0880172}
  - {x: 0.4424923, y: 0.0880172}
  - {x: 0.23, y: 0}
  - {x: 0.46, y: -0.000000020107239}
  - {x: -0.4424923, y: 0.0880172}
  - {x: -0.23, y: 0}
  - {x: -0.46, y: -0.000000020107239}
  - {x: 0.46, y: -0.000000020107239}
  - {x: 0.23, y: 0}
  - {x: 0.4424923, y: -0.08801719}
  - {x: -0.46, y: -0.000000020107239}
  - {x: -0.23, y: 0}
  - {x: -0.4424923, y: -0.08801719}
  - {x: 0.4424923, y: -0.08801719}
  - {x: 0.23, y: 0}
  - {x: 0.39263457, y: -0.16263455}
  - {x: -0.4424923, y: -0.08801719}
  - {x: -0.23, y: 0}
  - {x: -0.39263457, y: -0.16263455}
  - {x: 0.39263457, y: -0.16263455}
  - {x: 0.23, y: 0}
  - {x: 0.31801724, y: -0.21249229}
  - {x: -0.39263457, y: -0.16263455}
  - {x: -0.23, y: 0}
  - {x: -0.31801724, y: -0.21249229}
  - {x: 0.31801724, y: -0.21249229}
  - {x: 0.23, y: 0}
  - {x: 0.23, y: -0.23}
  - {x: -0.31801724, y: -0.21249229}
  - {x: -0.23, y: 0}
  - {x: -0.23, y: -0.23}
  - {x: 0.23, y: -0.23}
  - {x: 0.23, y: 0}
  - {x: 0.14198276, y: -0.21249227}
  - {x: -0.23, y: -0.23}
  - {x: -0.23, y: 0}
  - {x: -0.14198276, y: -0.21249227}
  - {x: 0.14198276, y: -0.21249227}
  - {x: 0.23, y: 0}
  - {x: 0.06736547, y: -0.16263458}
  - {x: -0.14198276, y: -0.21249227}
  - {x: -0.23, y: 0}
  - {x: -0.06736547, y: -0.16263458}
  - {x: 0.06736547, y: -0.16263458}
  - {x: 0.23, y: 0}
  - {x: 0.017507702, y: -0.08801719}
  - {x: -0.06736547, y: -0.16263458}
  - {x: -0.23, y: 0}
  - {x: -0.017507702, y: -0.08801719}
  - {x: 0.017507702, y: -0.08801719}
  - {x: 0.23, y: 0}
  - {x: 0, y: 0}
  - {x: -0.017507702, y: -0.08801719}
  - {x: -0.23, y: 0}
  - {x: 0, y: 0}
  m_Textures2: []
  m_Textures3: []
  m_Tangents:
  - {x: -0.00000007596547, y: 0, z: 1, w: -1}
  - {x: -0.00000007596547, y: 0, z: 1, w: -1}
  - {x: -0.38268346, y: 0, z: 0.9238795, w: -1}
  - {x: -0.38268346, y: 0, z: 0.9238795, w: -1}
  - {x: -0.3826834, y: 0, z: 0.92387956, w: -1}
  - {x: -0.3826834, y: 0, z: 0.92387956, w: -1}
  - {x: -0.7071068, y: 0, z: 0.7071067, w: -1}
  - {x: -0.7071068, y: 0, z: 0.7071067, w: -1}
  - {x: -0.7071068, y: 0, z: 0.7071067, w: -1}
  - {x: -0.7071068, y: 0, z: 0.7071067, w: -1}
  - {x: -0.92387956, y: 0, z: 0.38268337, w: -1}
  - {x: -0.92387956, y: 0, z: 0.38268337, w: -1}
  - {x: -0.9238795, y: 0, z: 0.38268343, w: -1}
  - {x: -0.9238795, y: 0, z: 0.38268343, w: -1}
  - {x: -1, y: 0, z: 0.000000045579277, w: -1}
  - {x: -1, y: 0, z: 0.000000045579277, w: -1}
  - {x: -1, y: 0, z: 0.000000045579277, w: -1}
  - {x: -1, y: 0, z: 0.000000045579277, w: -1}
  - {x: -0.9238795, y: 0, z: -0.38268346, w: -1}
  - {x: -0.9238795, y: 0, z: -0.38268346, w: -1}
  - {x: -0.9238795, y: 0, z: -0.38268346, w: -1}
  - {x: -0.9238795, y: 0, z: -0.38268346, w: -1}
  - {x: -0.70710677, y: 0, z: -0.70710677, w: -1}
  - {x: -0.70710677, y: 0, z: -0.70710677, w: -1}
  - {x: -0.7071068, y: 0, z: -0.70710677, w: -1}
  - {x: -0.7071068, y: 0, z: -0.70710677, w: -1}
  - {x: -0.3826834, y: 0, z: -0.92387956, w: -1}
  - {x: -0.3826834, y: 0, z: -0.92387956, w: -1}
  - {x: -0.38268337, y: 0, z: -0.92387956, w: -1}
  - {x: -0.38268337, y: 0, z: -0.92387956, w: -1}
  - {x: 0.00000007596546, y: 0, z: -1, w: -1}
  - {x: 0.00000007596546, y: 0, z: -1, w: -1}
  - {x: 0.00000006077237, y: 0, z: -1, w: -1}
  - {x: 0.00000006077237, y: 0, z: -1, w: -1}
  - {x: 0.3826835, y: 0, z: -0.9238795, w: -1}
  - {x: 0.3826835, y: 0, z: -0.9238795, w: -1}
  - {x: 0.38268346, y: 0, z: -0.9238795, w: -1}
  - {x: 0.38268346, y: 0, z: -0.9238795, w: -1}
  - {x: 0.7071067, y: 0, z: -0.7071068, w: -1}
  - {x: 0.7071067, y: 0, z: -0.7071068, w: -1}
  - {x: 0.7071067, y: 0, z: -0.7071069, w: -1}
  - {x: 0.7071067, y: 0, z: -0.7071069, w: -1}
  - {x: 0.9238795, y: 0, z: -0.38268355, w: -1}
  - {x: 0.9238795, y: 0, z: -0.38268355, w: -1}
  - {x: 0.9238795, y: 0, z: -0.38268358, w: -1}
  - {x: 0.9238795, y: 0, z: -0.38268358, w: -1}
  - {x: 1, y: 0, z: 0.00000007596547, w: -1}
  - {x: 1, y: 0, z: 0.00000007596547, w: -1}
  - {x: 1, y: 0, z: 0.00000007596547, w: -1}
  - {x: 1, y: 0, z: 0.00000007596547, w: -1}
  - {x: 0.9238795, y: 0, z: 0.38268355, w: -1}
  - {x: 0.9238795, y: 0, z: 0.38268355, w: -1}
  - {x: 0.9238795, y: 0, z: 0.3826835, w: -1}
  - {x: 0.9238795, y: 0, z: 0.3826835, w: -1}
  - {x: 0.7071068, y: 0, z: 0.7071067, w: -1}
  - {x: 0.7071068, y: 0, z: 0.7071067, w: -1}
  - {x: 0.7071068, y: 0, z: 0.7071067, w: -1}
  - {x: 0.7071068, y: 0, z: 0.7071067, w: -1}
  - {x: 0.38268346, y: 0, z: 0.9238795, w: -1}
  - {x: 0.38268346, y: 0, z: 0.9238795, w: -1}
  - {x: 0.38268352, y: 0, z: 0.9238795, w: -1}
  - {x: 0.38268352, y: 0, z: 0.9238795, w: -1}
  - {x: -0.00000007596547, y: 0, z: 1, w: -1}
  - {x: -0.00000007596547, y: 0, z: 1, w: -1}
  - {x: -1, y: 0, z: 0, w: -1}
  - {x: -1, y: 0, z: 0, w: -1}
  - {x: -1, y: 0, z: 0, w: -1}
  - {x: 1, y: 0, z: 0, w: -1}
  - {x: 1, y: 0, z: 0, w: -1}
  - {x: 1, y: 0, z: 0, w: -1}
  - {x: -1, y: 0, z: 0, w: -1}
  - {x: -1, y: 0, z: 0, w: -1}
  - {x: -1, y: 0, z: 0, w: -1}
  - {x: 1, y: 0, z: 0, w: -1}
  - {x: 1, y: 0, z: 0, w: -1}
  - {x: 1, y: 0, z: 0, w: -1}
  - {x: -1, y: 0, z: 0, w: -1}
  - {x: -1, y: 0, z: 0, w: -1}
  - {x: -1, y: 0, z: 0, w: -1}
  - {x: 1, y: 0, z: 0, w: -1}
  - {x: 1, y: 0, z: 0, w: -1}
  - {x: 1, y: 0, z: 0, w: -1}
  - {x: -1, y: 0, z: 0, w: -1}
  - {x: -1, y: 0, z: 0, w: -1}
  - {x: -1, y: 0, z: 0, w: -1}
  - {x: 1, y: 0, z: 0, w: -1}
  - {x: 1, y: 0, z: 0, w: -1}
  - {x: 1, y: 0, z: 0, w: -1}
  - {x: -1, y: 0, z: 0, w: -1}
  - {x: -1, y: 0, z: 0, w: -1}
  - {x: -1, y: 0, z: 0, w: -1}
  - {x: 1, y: 0, z: 0, w: -1}
  - {x: 1, y: 0, z: 0, w: -1}
  - {x: 1, y: 0, z: 0, w: -1}
  - {x: -1, y: 0, z: 0, w: -1}
  - {x: -1, y: 0, z: 0, w: -1}
  - {x: -1, y: 0, z: 0, w: -1}
  - {x: 1, y: 0, z: 0, w: -1}
  - {x: 1, y: 0, z: 0, w: -1}
  - {x: 1, y: 0, z: 0, w: -1}
  - {x: -1, y: 0, z: 0, w: -1}
  - {x: -1, y: 0, z: 0, w: -1}
  - {x: -1, y: 0, z: 0, w: -1}
  - {x: 1, y: 0, z: 0, w: -1}
  - {x: 1, y: 0, z: 0, w: -1}
  - {x: 1, y: 0, z: 0, w: -1}
  - {x: -1, y: 0, z: 0, w: -1}
  - {x: -1, y: 0, z: 0, w: -1}
  - {x: -1, y: 0, z: 0, w: -1}
  - {x: 1, y: 0, z: 0, w: -1}
  - {x: 1, y: 0, z: 0, w: -1}
  - {x: 1, y: 0, z: 0, w: -1}
  - {x: -1, y: 0, z: 0, w: -1}
  - {x: -1, y: 0, z: 0, w: -1}
  - {x: -1, y: 0, z: 0, w: -1}
  - {x: 1, y: 0, z: 0, w: -1}
  - {x: 1, y: 0, z: 0, w: -1}
  - {x: 1, y: 0, z: 0, w: -1}
  - {x: -1, y: 0, z: 0, w: -1}
  - {x: -1, y: 0, z: 0, w: -1}
  - {x: -1, y: 0, z: 0, w: -1}
  - {x: 1, y: 0, z: 0, w: -1}
  - {x: 1, y: 0, z: 0, w: -1}
  - {x: 1, y: 0, z: 0, w: -1}
  - {x: -1, y: 0, z: 0, w: -1}
  - {x: -1, y: 0, z: 0, w: -1}
  - {x: -1, y: 0, z: 0, w: -1}
  - {x: 1, y: 0, z: 0, w: -1}
  - {x: 1, y: 0, z: 0, w: -1}
  - {x: 1, y: 0, z: 0, w: -1}
  - {x: -1, y: 0, z: 0, w: -1}
  - {x: -1, y: 0, z: 0, w: -1}
  - {x: -1, y: 0, z: 0, w: -1}
  - {x: 1, y: 0, z: 0, w: -1}
  - {x: 1, y: 0, z: 0, w: -1}
  - {x: 1, y: 0, z: 0, w: -1}
  - {x: -1, y: 0, z: 0, w: -1}
  - {x: -1, y: 0, z: 0, w: -1}
  - {x: -1, y: 0, z: 0, w: -1}
  - {x: 1, y: 0, z: 0, w: -1}
  - {x: 1, y: 0, z: 0, w: -1}
  - {x: 1, y: 0, z: 0, w: -1}
  - {x: -1, y: 0, z: 0, w: -1}
  - {x: -1, y: 0, z: 0, w: -1}
  - {x: -1, y: 0, z: 0, w: -1}
  - {x: 1, y: 0, z: 0, w: -1}
  - {x: 1, y: 0, z: 0, w: -1}
  - {x: 1, y: 0, z: 0, w: -1}
  - {x: -1, y: 0, z: 0, w: -1}
  - {x: -1, y: 0, z: 0, w: -1}
  - {x: -1, y: 0, z: 0, w: -1}
  - {x: 1, y: 0, z: 0, w: -1}
  - {x: 1, y: 0, z: 0, w: -1}
  - {x: 1, y: 0, z: 0, w: -1}
  - {x: -1, y: 0, z: 0, w: -1}
  - {x: -1, y: 0, z: 0, w: -1}
  - {x: -1, y: 0, z: 0, w: -1}
  - {x: 1, y: 0, z: 0, w: -1}
  - {x: 1, y: 0, z: 0, w: -1}
  - {x: 1, y: 0, z: 0, w: -1}
  m_Colors: []
  m_UnwrapParameters:
    m_HardAngle: 88
    m_PackMargin: 20
    m_AngleError: 8
    m_AreaError: 15
  m_PreserveMeshAssetOnDestroy: 0
  assetGuid: 
  m_Mesh: {fileID: 0}
  m_IsSelectable: 1
  m_SelectedFaces: 
  m_SelectedEdges: []
  m_SelectedVertices: 
--- !u!23 &8296391864362001863
MeshRenderer:
  m_ObjectHideFlags: 0
  m_CorrespondingSourceObject: {fileID: 0}
  m_PrefabInstance: {fileID: 0}
  m_PrefabAsset: {fileID: 0}
  m_GameObject: {fileID: 8296391864362001867}
  m_Enabled: 0
  m_CastShadows: 1
  m_ReceiveShadows: 1
  m_DynamicOccludee: 1
  m_MotionVectors: 1
  m_LightProbeUsage: 1
  m_ReflectionProbeUsage: 1
  m_RayTracingMode: 2
  m_RenderingLayerMask: 1
  m_RendererPriority: 0
  m_Materials:
  - {fileID: 2100000, guid: c4bc2d909376b46489d6ccfda71fc849, type: 2}
  m_StaticBatchInfo:
    firstSubMesh: 0
    subMeshCount: 0
  m_StaticBatchRoot: {fileID: 0}
  m_ProbeAnchor: {fileID: 0}
  m_LightProbeVolumeOverride: {fileID: 0}
  m_ScaleInLightmap: 1
  m_ReceiveGI: 1
  m_PreserveUVs: 0
  m_IgnoreNormalsForChartDetection: 0
  m_ImportantGI: 0
  m_StitchLightmapSeams: 1
  m_SelectedEditorRenderState: 2
  m_MinimumChartSize: 4
  m_AutoUVMaxDistance: 0.5
  m_AutoUVMaxAngle: 89
  m_LightmapParameters: {fileID: 0}
  m_SortingLayerID: 0
  m_SortingLayer: 0
  m_SortingOrder: 0
--- !u!33 &8296391864362001862
MeshFilter:
  m_ObjectHideFlags: 0
  m_CorrespondingSourceObject: {fileID: 0}
  m_PrefabInstance: {fileID: 0}
  m_PrefabAsset: {fileID: 0}
  m_GameObject: {fileID: 8296391864362001867}
  m_Mesh: {fileID: 0}
--- !u!64 &8296391864362001865
MeshCollider:
  m_ObjectHideFlags: 0
  m_CorrespondingSourceObject: {fileID: 0}
  m_PrefabInstance: {fileID: 0}
  m_PrefabAsset: {fileID: 0}
  m_GameObject: {fileID: 8296391864362001867}
  m_Material: {fileID: 0}
  m_IsTrigger: 0
  m_Enabled: 1
  serializedVersion: 4
  m_Convex: 0
  m_CookingOptions: 30
  m_Mesh: {fileID: 0}
--- !u!1 &8296391864786991011
GameObject:
  m_ObjectHideFlags: 0
  m_CorrespondingSourceObject: {fileID: 0}
  m_PrefabInstance: {fileID: 0}
  m_PrefabAsset: {fileID: 0}
  serializedVersion: 6
  m_Component:
  - component: {fileID: 8296391864786991008}
  - component: {fileID: 8296391864786990943}
  - component: {fileID: 8296391864786990942}
  - component: {fileID: 8296391864786991009}
  m_Layer: 0
  m_Name: Wall (3)
  m_TagString: Untagged
  m_Icon: {fileID: 0}
  m_NavMeshLayer: 0
  m_StaticEditorFlags: 0
  m_IsActive: 1
--- !u!4 &8296391864786991008
Transform:
  m_ObjectHideFlags: 0
  m_CorrespondingSourceObject: {fileID: 0}
  m_PrefabInstance: {fileID: 0}
  m_PrefabAsset: {fileID: 0}
  m_GameObject: {fileID: 8296391864786991011}
  m_LocalRotation: {x: -0.0000004768371, y: -0, z: -0, w: 1}
  m_LocalPosition: {x: 0.44999218, y: 0.49133778, z: 0.48858595}
  m_LocalScale: {x: 0.1, y: 0.5, z: 0.970216}
  m_Children: []
  m_Father: {fileID: 8296391864347172987}
  m_RootOrder: 1
  m_LocalEulerAnglesHint: {x: 0, y: 0, z: 0}
--- !u!33 &8296391864786990943
MeshFilter:
  m_ObjectHideFlags: 0
  m_CorrespondingSourceObject: {fileID: 0}
  m_PrefabInstance: {fileID: 0}
  m_PrefabAsset: {fileID: 0}
  m_GameObject: {fileID: 8296391864786991011}
  m_Mesh: {fileID: 10202, guid: 0000000000000000e000000000000000, type: 0}
--- !u!23 &8296391864786990942
MeshRenderer:
  m_ObjectHideFlags: 0
  m_CorrespondingSourceObject: {fileID: 0}
  m_PrefabInstance: {fileID: 0}
  m_PrefabAsset: {fileID: 0}
  m_GameObject: {fileID: 8296391864786991011}
  m_Enabled: 1
  m_CastShadows: 1
  m_ReceiveShadows: 1
  m_DynamicOccludee: 1
  m_MotionVectors: 1
  m_LightProbeUsage: 1
  m_ReflectionProbeUsage: 1
  m_RayTracingMode: 2
  m_RenderingLayerMask: 1
  m_RendererPriority: 0
  m_Materials:
  - {fileID: 10303, guid: 0000000000000000f000000000000000, type: 0}
  m_StaticBatchInfo:
    firstSubMesh: 0
    subMeshCount: 0
  m_StaticBatchRoot: {fileID: 0}
  m_ProbeAnchor: {fileID: 0}
  m_LightProbeVolumeOverride: {fileID: 0}
  m_ScaleInLightmap: 1
  m_ReceiveGI: 1
  m_PreserveUVs: 0
  m_IgnoreNormalsForChartDetection: 0
  m_ImportantGI: 0
  m_StitchLightmapSeams: 1
  m_SelectedEditorRenderState: 3
  m_MinimumChartSize: 4
  m_AutoUVMaxDistance: 0.5
  m_AutoUVMaxAngle: 89
  m_LightmapParameters: {fileID: 0}
  m_SortingLayerID: 0
  m_SortingLayer: 0
  m_SortingOrder: 0
--- !u!65 &8296391864786991009
BoxCollider:
  m_ObjectHideFlags: 0
  m_CorrespondingSourceObject: {fileID: 0}
  m_PrefabInstance: {fileID: 0}
  m_PrefabAsset: {fileID: 0}
  m_GameObject: {fileID: 8296391864786991011}
  m_Material: {fileID: 0}
  m_IsTrigger: 0
  m_Enabled: 1
  serializedVersion: 2
  m_Size: {x: 1, y: 1, z: 1}
  m_Center: {x: 0, y: 0, z: 0}
--- !u!1 &8296391864959327931
GameObject:
  m_ObjectHideFlags: 0
  m_CorrespondingSourceObject: {fileID: 0}
  m_PrefabInstance: {fileID: 0}
  m_PrefabAsset: {fileID: 0}
  serializedVersion: 6
  m_Component:
  - component: {fileID: 8296391864959327928}
  - component: {fileID: 8296391864959327924}
  - component: {fileID: 8296391864959327927}
  - component: {fileID: 8296391864959327926}
  - component: {fileID: 8296391864959327929}
  m_Layer: 0
  m_Name: Wall
  m_TagString: Untagged
  m_Icon: {fileID: 0}
  m_NavMeshLayer: 0
  m_StaticEditorFlags: 0
  m_IsActive: 1
--- !u!4 &8296391864959327928
Transform:
  m_ObjectHideFlags: 0
  m_CorrespondingSourceObject: {fileID: 0}
  m_PrefabInstance: {fileID: 0}
  m_PrefabAsset: {fileID: 0}
  m_GameObject: {fileID: 8296391864959327931}
  m_LocalRotation: {x: 0, y: 0, z: 0, w: 1}
  m_LocalPosition: {x: 0.45, y: 0.5, z: 2}
  m_LocalScale: {x: 0.1, y: 0.5, z: 4}
  m_Children: []
  m_Father: {fileID: 8296391864217850868}
  m_RootOrder: 2
  m_LocalEulerAnglesHint: {x: 0, y: 0, z: 0}
--- !u!33 &8296391864959327924
MeshFilter:
  m_ObjectHideFlags: 0
  m_CorrespondingSourceObject: {fileID: 0}
  m_PrefabInstance: {fileID: 0}
  m_PrefabAsset: {fileID: 0}
  m_GameObject: {fileID: 8296391864959327931}
  m_Mesh: {fileID: 0}
--- !u!23 &8296391864959327927
MeshRenderer:
  m_ObjectHideFlags: 0
  m_CorrespondingSourceObject: {fileID: 0}
  m_PrefabInstance: {fileID: 0}
  m_PrefabAsset: {fileID: 0}
  m_GameObject: {fileID: 8296391864959327931}
  m_Enabled: 1
  m_CastShadows: 1
  m_ReceiveShadows: 1
  m_DynamicOccludee: 1
  m_MotionVectors: 1
  m_LightProbeUsage: 1
  m_ReflectionProbeUsage: 1
  m_RayTracingMode: 2
  m_RenderingLayerMask: 1
  m_RendererPriority: 0
  m_Materials:
  - {fileID: 10303, guid: 0000000000000000f000000000000000, type: 0}
  m_StaticBatchInfo:
    firstSubMesh: 0
    subMeshCount: 0
  m_StaticBatchRoot: {fileID: 0}
  m_ProbeAnchor: {fileID: 0}
  m_LightProbeVolumeOverride: {fileID: 0}
  m_ScaleInLightmap: 1
  m_ReceiveGI: 1
  m_PreserveUVs: 0
  m_IgnoreNormalsForChartDetection: 0
  m_ImportantGI: 0
  m_StitchLightmapSeams: 1
  m_SelectedEditorRenderState: 2
  m_MinimumChartSize: 4
  m_AutoUVMaxDistance: 0.5
  m_AutoUVMaxAngle: 89
  m_LightmapParameters: {fileID: 0}
  m_SortingLayerID: 0
  m_SortingLayer: 0
  m_SortingOrder: 0
--- !u!65 &8296391864959327926
BoxCollider:
  m_ObjectHideFlags: 0
  m_CorrespondingSourceObject: {fileID: 0}
  m_PrefabInstance: {fileID: 0}
  m_PrefabAsset: {fileID: 0}
  m_GameObject: {fileID: 8296391864959327931}
  m_Material: {fileID: 0}
  m_IsTrigger: 0
  m_Enabled: 1
  serializedVersion: 2
  m_Size: {x: 1, y: 1, z: 1}
  m_Center: {x: 0, y: 0, z: 0}
--- !u!114 &8296391864959327929
MonoBehaviour:
  m_ObjectHideFlags: 0
  m_CorrespondingSourceObject: {fileID: 0}
  m_PrefabInstance: {fileID: 0}
  m_PrefabAsset: {fileID: 0}
  m_GameObject: {fileID: 8296391864959327931}
  m_Enabled: 1
  m_EditorHideFlags: 0
  m_Script: {fileID: 11500000, guid: 8233d90336aea43098adf6dbabd606a2, type: 3}
  m_Name: 
  m_EditorClassIdentifier: 
  m_MeshFormatVersion: 1
  m_Faces:
  - m_Indexes: 000000000100000002000000000000000200000003000000
    m_SmoothingGroup: 0
    m_Uv:
      m_UseWorldSpace: 0
      m_FlipU: 0
      m_FlipV: 0
      m_SwapUV: 0
      m_Fill: 1
      m_Scale: {x: 1, y: 1}
      m_Offset: {x: 0, y: 0}
      m_Rotation: 0
      m_Anchor: 9
    m_Material: {fileID: 0}
    m_SubmeshIndex: 0
    m_ManualUV: 1
    elementGroup: -1
    m_TextureGroup: -1
  - m_Indexes: 040000000500000006000000040000000600000007000000
    m_SmoothingGroup: 0
    m_Uv:
      m_UseWorldSpace: 0
      m_FlipU: 0
      m_FlipV: 0
      m_SwapUV: 0
      m_Fill: 1
      m_Scale: {x: 1, y: 1}
      m_Offset: {x: 0, y: 0}
      m_Rotation: 0
      m_Anchor: 9
    m_Material: {fileID: 0}
    m_SubmeshIndex: 0
    m_ManualUV: 1
    elementGroup: -1
    m_TextureGroup: -1
  - m_Indexes: 08000000090000000a000000080000000a0000000b000000
    m_SmoothingGroup: 0
    m_Uv:
      m_UseWorldSpace: 0
      m_FlipU: 0
      m_FlipV: 0
      m_SwapUV: 0
      m_Fill: 1
      m_Scale: {x: 1, y: 1}
      m_Offset: {x: 0, y: 0}
      m_Rotation: 0
      m_Anchor: 9
    m_Material: {fileID: 0}
    m_SubmeshIndex: 0
    m_ManualUV: 1
    elementGroup: -1
    m_TextureGroup: -1
  - m_Indexes: 0c0000000d0000000e0000000c0000000e0000000f000000
    m_SmoothingGroup: 0
    m_Uv:
      m_UseWorldSpace: 0
      m_FlipU: 0
      m_FlipV: 0
      m_SwapUV: 0
      m_Fill: 1
      m_Scale: {x: 1, y: 1}
      m_Offset: {x: 0, y: 0}
      m_Rotation: 0
      m_Anchor: 9
    m_Material: {fileID: 0}
    m_SubmeshIndex: 0
    m_ManualUV: 1
    elementGroup: -1
    m_TextureGroup: -1
  - m_Indexes: 100000001100000012000000100000001200000013000000
    m_SmoothingGroup: 0
    m_Uv:
      m_UseWorldSpace: 0
      m_FlipU: 0
      m_FlipV: 0
      m_SwapUV: 0
      m_Fill: 1
      m_Scale: {x: 1, y: 1}
      m_Offset: {x: 0, y: 0}
      m_Rotation: 0
      m_Anchor: 9
    m_Material: {fileID: 0}
    m_SubmeshIndex: 0
    m_ManualUV: 1
    elementGroup: -1
    m_TextureGroup: -1
  - m_Indexes: 140000001500000016000000140000001600000017000000
    m_SmoothingGroup: 0
    m_Uv:
      m_UseWorldSpace: 0
      m_FlipU: 0
      m_FlipV: 0
      m_SwapUV: 0
      m_Fill: 1
      m_Scale: {x: 1, y: 1}
      m_Offset: {x: 0, y: 0}
      m_Rotation: 0
      m_Anchor: 9
    m_Material: {fileID: 0}
    m_SubmeshIndex: 0
    m_ManualUV: 1
    elementGroup: -1
    m_TextureGroup: -1
  m_SharedVertices:
  - m_Vertices: 000000000d00000017000000
  - m_Vertices: 010000000400000016000000
  - m_Vertices: 020000000700000011000000
  - m_Vertices: 030000000e00000010000000
  - m_Vertices: 050000000800000015000000
  - m_Vertices: 060000000b00000012000000
  - m_Vertices: 090000000c00000014000000
  - m_Vertices: 0a0000000f00000013000000
  m_SharedTextures: []
  m_Positions:
  - {x: 0.5000305, y: -1.5102234, z: 0.5000043}
  - {x: 0.5, y: 0.5, z: 0.5}
  - {x: -0.5, y: 0.5, z: 0.5}
  - {x: -0.5000305, y: -1.5102234, z: 0.5000043}
  - {x: 0.5, y: 0.5, z: 0.5}
  - {x: 0.5, y: 0.5, z: -0.5}
  - {x: -0.5, y: 0.5, z: -0.5}
  - {x: -0.5, y: 0.5, z: 0.5}
  - {x: 0.5, y: 0.5, z: -0.5}
  - {x: 0.5000305, y: -1.5102234, z: -0.49999678}
  - {x: -0.5000305, y: -1.5102234, z: -0.49999678}
  - {x: -0.5, y: 0.5, z: -0.5}
  - {x: 0.5000305, y: -1.5102234, z: -0.49999678}
  - {x: 0.5000305, y: -1.5102234, z: 0.5000043}
  - {x: -0.5000305, y: -1.5102234, z: 0.5000043}
  - {x: -0.5000305, y: -1.5102234, z: -0.49999678}
  - {x: -0.5000305, y: -1.5102234, z: 0.5000043}
  - {x: -0.5, y: 0.5, z: 0.5}
  - {x: -0.5, y: 0.5, z: -0.5}
  - {x: -0.5000305, y: -1.5102234, z: -0.49999678}
  - {x: 0.5000305, y: -1.5102234, z: -0.49999678}
  - {x: 0.5, y: 0.5, z: -0.5}
  - {x: 0.5, y: 0.5, z: 0.5}
  - {x: 0.5000305, y: -1.5102234, z: 0.5000043}
  m_Textures0:
  - {x: 0, y: 0}
  - {x: 0, y: 1}
  - {x: 1, y: 1}
  - {x: 1, y: 0}
  - {x: 0, y: 0}
  - {x: 0, y: 1}
  - {x: 1, y: 1}
  - {x: 1, y: 0}
  - {x: 0, y: 0}
  - {x: 0, y: 1}
  - {x: 1, y: 1}
  - {x: 1, y: 0}
  - {x: 0, y: 0}
  - {x: 0, y: 1}
  - {x: 1, y: 1}
  - {x: 1, y: 0}
  - {x: 0, y: 0}
  - {x: 0, y: 1}
  - {x: 1, y: 1}
  - {x: 1, y: 0}
  - {x: 0, y: 0}
  - {x: 0, y: 1}
  - {x: 1, y: 1}
  - {x: 1, y: 0}
  m_Textures2: []
  m_Textures3: []
  m_Tangents:
  - {x: -1, y: 0, z: 0, w: -1}
  - {x: -1, y: 0, z: 0, w: -1}
  - {x: -1, y: 0, z: 0, w: -1}
  - {x: -1, y: 0, z: 0, w: -1}
  - {x: -1, y: 0, z: 0, w: -1}
  - {x: -1, y: 0, z: 0, w: -1}
  - {x: -1, y: 0, z: 0, w: -1}
  - {x: -1, y: 0, z: 0, w: -1}
  - {x: -1, y: 0, z: 0, w: -1}
  - {x: -1, y: 0, z: 0, w: -1}
  - {x: -1, y: 0, z: 0, w: -1}
  - {x: -1, y: 0, z: 0, w: -1}
  - {x: -1, y: 0, z: 0, w: -1}
  - {x: -1, y: 0, z: 0, w: -1}
  - {x: -1, y: 0, z: 0, w: -1}
  - {x: -1, y: 0, z: 0, w: -1}
  - {x: 0, y: 0, z: -1, w: -1}
  - {x: 0, y: 0, z: -1, w: -1}
  - {x: 0, y: 0, z: -1, w: -1}
  - {x: 0, y: 0, z: -1, w: -1}
  - {x: 0, y: 0, z: 1, w: -1}
  - {x: 0, y: 0, z: 1, w: -1}
  - {x: 0, y: 0, z: 1, w: -1}
  - {x: 0, y: 0, z: 1, w: -1}
  m_Colors: []
  m_UnwrapParameters:
    m_HardAngle: 88
    m_PackMargin: 20
    m_AngleError: 8
    m_AreaError: 15
  m_PreserveMeshAssetOnDestroy: 0
  assetGuid: 
  m_Mesh: {fileID: 0}
  m_IsSelectable: 1
  m_SelectedFaces: 
  m_SelectedEdges: []
  m_SelectedVertices: 
--- !u!1 &8296391865156349165
GameObject:
  m_ObjectHideFlags: 0
  m_CorrespondingSourceObject: {fileID: 0}
  m_PrefabInstance: {fileID: 0}
  m_PrefabAsset: {fileID: 0}
  serializedVersion: 6
  m_Component:
  - component: {fileID: 8296391865156349162}
  - component: {fileID: 8296391865156349161}
  - component: {fileID: 8296391865156349160}
  - component: {fileID: 8296391865156349163}
  m_Layer: 0
  m_Name: Wall (2)
  m_TagString: Untagged
  m_Icon: {fileID: 0}
  m_NavMeshLayer: 0
  m_StaticEditorFlags: 0
  m_IsActive: 1
--- !u!4 &8296391865156349162
Transform:
  m_ObjectHideFlags: 0
  m_CorrespondingSourceObject: {fileID: 0}
  m_PrefabInstance: {fileID: 0}
  m_PrefabAsset: {fileID: 0}
  m_GameObject: {fileID: 8296391865156349165}
  m_LocalRotation: {x: -0.0000004768371, y: -0, z: -0, w: 1}
  m_LocalPosition: {x: -0.45000172, y: 0.49133778, z: 0.48858595}
  m_LocalScale: {x: 0.1, y: 0.5, z: 0.970216}
  m_Children: []
  m_Father: {fileID: 8296391864347172987}
  m_RootOrder: 2
  m_LocalEulerAnglesHint: {x: 0, y: 0, z: 0}
--- !u!33 &8296391865156349161
MeshFilter:
  m_ObjectHideFlags: 0
  m_CorrespondingSourceObject: {fileID: 0}
  m_PrefabInstance: {fileID: 0}
  m_PrefabAsset: {fileID: 0}
  m_GameObject: {fileID: 8296391865156349165}
  m_Mesh: {fileID: 10202, guid: 0000000000000000e000000000000000, type: 0}
--- !u!23 &8296391865156349160
MeshRenderer:
  m_ObjectHideFlags: 0
  m_CorrespondingSourceObject: {fileID: 0}
  m_PrefabInstance: {fileID: 0}
  m_PrefabAsset: {fileID: 0}
  m_GameObject: {fileID: 8296391865156349165}
  m_Enabled: 1
  m_CastShadows: 1
  m_ReceiveShadows: 1
  m_DynamicOccludee: 1
  m_MotionVectors: 1
  m_LightProbeUsage: 1
  m_ReflectionProbeUsage: 1
  m_RayTracingMode: 2
  m_RenderingLayerMask: 1
  m_RendererPriority: 0
  m_Materials:
  - {fileID: 10303, guid: 0000000000000000f000000000000000, type: 0}
  m_StaticBatchInfo:
    firstSubMesh: 0
    subMeshCount: 0
  m_StaticBatchRoot: {fileID: 0}
  m_ProbeAnchor: {fileID: 0}
  m_LightProbeVolumeOverride: {fileID: 0}
  m_ScaleInLightmap: 1
  m_ReceiveGI: 1
  m_PreserveUVs: 0
  m_IgnoreNormalsForChartDetection: 0
  m_ImportantGI: 0
  m_StitchLightmapSeams: 1
  m_SelectedEditorRenderState: 3
  m_MinimumChartSize: 4
  m_AutoUVMaxDistance: 0.5
  m_AutoUVMaxAngle: 89
  m_LightmapParameters: {fileID: 0}
  m_SortingLayerID: 0
  m_SortingLayer: 0
  m_SortingOrder: 0
--- !u!65 &8296391865156349163
BoxCollider:
  m_ObjectHideFlags: 0
  m_CorrespondingSourceObject: {fileID: 0}
  m_PrefabInstance: {fileID: 0}
  m_PrefabAsset: {fileID: 0}
  m_GameObject: {fileID: 8296391865156349165}
  m_Material: {fileID: 0}
  m_IsTrigger: 0
  m_Enabled: 1
  serializedVersion: 2
  m_Size: {x: 1, y: 1, z: 1}
  m_Center: {x: 0, y: 0, z: 0}
--- !u!1 &8296391865174788255
GameObject:
  m_ObjectHideFlags: 0
  m_CorrespondingSourceObject: {fileID: 0}
  m_PrefabInstance: {fileID: 0}
  m_PrefabAsset: {fileID: 0}
  serializedVersion: 6
  m_Component:
  - component: {fileID: 8296391865174788252}
  m_Layer: 0
  m_Name: End
  m_TagString: Untagged
  m_Icon: {fileID: 0}
  m_NavMeshLayer: 0
  m_StaticEditorFlags: 0
  m_IsActive: 1
--- !u!4 &8296391865174788252
Transform:
  m_ObjectHideFlags: 0
  m_CorrespondingSourceObject: {fileID: 0}
  m_PrefabInstance: {fileID: 0}
  m_PrefabAsset: {fileID: 0}
  m_GameObject: {fileID: 8296391865174788255}
  m_LocalRotation: {x: 0, y: 0, z: 0, w: 1}
  m_LocalPosition: {x: 0, y: 0, z: 4}
  m_LocalScale: {x: 1, y: 1, z: 1}
  m_Children: []
  m_Father: {fileID: 8296391864019831839}
  m_RootOrder: 1
  m_LocalEulerAnglesHint: {x: 0, y: 0, z: 0}
--- !u!1 &8296391865175110252
GameObject:
  m_ObjectHideFlags: 0
  m_CorrespondingSourceObject: {fileID: 0}
  m_PrefabInstance: {fileID: 0}
  m_PrefabAsset: {fileID: 0}
  serializedVersion: 6
  m_Component:
  - component: {fileID: 8296391865175110253}
  m_Layer: 0
  m_Name: End
  m_TagString: Untagged
  m_Icon: {fileID: 0}
  m_NavMeshLayer: 0
  m_StaticEditorFlags: 0
  m_IsActive: 1
--- !u!4 &8296391865175110253
Transform:
  m_ObjectHideFlags: 0
  m_CorrespondingSourceObject: {fileID: 0}
  m_PrefabInstance: {fileID: 0}
  m_PrefabAsset: {fileID: 0}
  m_GameObject: {fileID: 8296391865175110252}
  m_LocalRotation: {x: 0, y: 0, z: 0, w: 1}
  m_LocalPosition: {x: 0, y: 0, z: 4}
  m_LocalScale: {x: 1, y: 1, z: 1}
  m_Children: []
  m_Father: {fileID: 8296391864217850868}
  m_RootOrder: 4
  m_LocalEulerAnglesHint: {x: 0, y: 0, z: 0}
--- !u!1 &8296391865263913861
GameObject:
  m_ObjectHideFlags: 0
  m_CorrespondingSourceObject: {fileID: 0}
  m_PrefabInstance: {fileID: 0}
  m_PrefabAsset: {fileID: 0}
  serializedVersion: 6
  m_Component:
  - component: {fileID: 8296391865263913858}
  - component: {fileID: 8296391865263913918}
  - component: {fileID: 8296391865263913857}
  - component: {fileID: 8296391865263913859}
  - component: {fileID: 5134213004456473438}
  m_Layer: 0
  m_Name: Cube
  m_TagString: Untagged
  m_Icon: {fileID: 0}
  m_NavMeshLayer: 0
  m_StaticEditorFlags: 0
  m_IsActive: 1
--- !u!4 &8296391865263913858
Transform:
  m_ObjectHideFlags: 0
  m_CorrespondingSourceObject: {fileID: 0}
  m_PrefabInstance: {fileID: 0}
  m_PrefabAsset: {fileID: 0}
  m_GameObject: {fileID: 8296391865263913861}
  m_LocalRotation: {x: 0, y: 0, z: 0, w: 1}
  m_LocalPosition: {x: 0, y: 0, z: 2}
  m_LocalScale: {x: 1, y: 0.5, z: 4}
  m_Children: []
  m_Father: {fileID: 8296391864217850868}
  m_RootOrder: 0
  m_LocalEulerAnglesHint: {x: 0, y: 0, z: 0}
--- !u!33 &8296391865263913918
MeshFilter:
  m_ObjectHideFlags: 0
  m_CorrespondingSourceObject: {fileID: 0}
  m_PrefabInstance: {fileID: 0}
  m_PrefabAsset: {fileID: 0}
  m_GameObject: {fileID: 8296391865263913861}
  m_Mesh: {fileID: 0}
--- !u!23 &8296391865263913857
MeshRenderer:
  m_ObjectHideFlags: 0
  m_CorrespondingSourceObject: {fileID: 0}
  m_PrefabInstance: {fileID: 0}
  m_PrefabAsset: {fileID: 0}
  m_GameObject: {fileID: 8296391865263913861}
  m_Enabled: 1
  m_CastShadows: 1
  m_ReceiveShadows: 1
  m_DynamicOccludee: 1
  m_MotionVectors: 1
  m_LightProbeUsage: 1
  m_ReflectionProbeUsage: 1
  m_RayTracingMode: 2
  m_RenderingLayerMask: 1
  m_RendererPriority: 0
  m_Materials:
  - {fileID: 10303, guid: 0000000000000000f000000000000000, type: 0}
  m_StaticBatchInfo:
    firstSubMesh: 0
    subMeshCount: 0
  m_StaticBatchRoot: {fileID: 0}
  m_ProbeAnchor: {fileID: 0}
  m_LightProbeVolumeOverride: {fileID: 0}
  m_ScaleInLightmap: 1
  m_ReceiveGI: 1
  m_PreserveUVs: 0
  m_IgnoreNormalsForChartDetection: 0
  m_ImportantGI: 0
  m_StitchLightmapSeams: 1
  m_SelectedEditorRenderState: 2
  m_MinimumChartSize: 4
  m_AutoUVMaxDistance: 0.5
  m_AutoUVMaxAngle: 89
  m_LightmapParameters: {fileID: 0}
  m_SortingLayerID: 0
  m_SortingLayer: 0
  m_SortingOrder: 0
--- !u!114 &8296391865263913859
MonoBehaviour:
  m_ObjectHideFlags: 0
  m_CorrespondingSourceObject: {fileID: 0}
  m_PrefabInstance: {fileID: 0}
  m_PrefabAsset: {fileID: 0}
  m_GameObject: {fileID: 8296391865263913861}
  m_Enabled: 1
  m_EditorHideFlags: 0
  m_Script: {fileID: 11500000, guid: 8233d90336aea43098adf6dbabd606a2, type: 3}
  m_Name: 
  m_EditorClassIdentifier: 
  m_MeshFormatVersion: 1
  m_Faces:
  - m_Indexes: 000000000100000002000000000000000200000003000000
    m_SmoothingGroup: 0
    m_Uv:
      m_UseWorldSpace: 0
      m_FlipU: 0
      m_FlipV: 0
      m_SwapUV: 0
      m_Fill: 1
      m_Scale: {x: 1, y: 1}
      m_Offset: {x: 0, y: 0}
      m_Rotation: 0
      m_Anchor: 9
    m_Material: {fileID: 0}
    m_SubmeshIndex: 0
    m_ManualUV: 1
    elementGroup: -1
    m_TextureGroup: -1
  - m_Indexes: 040000000500000006000000040000000600000007000000
    m_SmoothingGroup: 0
    m_Uv:
      m_UseWorldSpace: 0
      m_FlipU: 0
      m_FlipV: 0
      m_SwapUV: 0
      m_Fill: 1
      m_Scale: {x: 1, y: 1}
      m_Offset: {x: 0, y: 0}
      m_Rotation: 0
      m_Anchor: 9
    m_Material: {fileID: 0}
    m_SubmeshIndex: 0
    m_ManualUV: 1
    elementGroup: -1
    m_TextureGroup: -1
  - m_Indexes: 08000000090000000a000000080000000a0000000b000000
    m_SmoothingGroup: 0
    m_Uv:
      m_UseWorldSpace: 0
      m_FlipU: 0
      m_FlipV: 0
      m_SwapUV: 0
      m_Fill: 1
      m_Scale: {x: 1, y: 1}
      m_Offset: {x: 0, y: 0}
      m_Rotation: 0
      m_Anchor: 9
    m_Material: {fileID: 0}
    m_SubmeshIndex: 0
    m_ManualUV: 1
    elementGroup: -1
    m_TextureGroup: -1
  - m_Indexes: 0c0000000d0000000e0000000c0000000e0000000f000000
    m_SmoothingGroup: 0
    m_Uv:
      m_UseWorldSpace: 0
      m_FlipU: 0
      m_FlipV: 0
      m_SwapUV: 0
      m_Fill: 1
      m_Scale: {x: 1, y: 1}
      m_Offset: {x: 0, y: 0}
      m_Rotation: 0
      m_Anchor: 9
    m_Material: {fileID: 0}
    m_SubmeshIndex: 0
    m_ManualUV: 1
    elementGroup: -1
    m_TextureGroup: -1
  - m_Indexes: 100000001100000012000000100000001200000013000000
    m_SmoothingGroup: 0
    m_Uv:
      m_UseWorldSpace: 0
      m_FlipU: 0
      m_FlipV: 0
      m_SwapUV: 0
      m_Fill: 1
      m_Scale: {x: 1, y: 1}
      m_Offset: {x: 0, y: 0}
      m_Rotation: 0
      m_Anchor: 9
    m_Material: {fileID: 0}
    m_SubmeshIndex: 0
    m_ManualUV: 1
    elementGroup: -1
    m_TextureGroup: -1
  - m_Indexes: 140000001500000016000000140000001600000017000000
    m_SmoothingGroup: 0
    m_Uv:
      m_UseWorldSpace: 0
      m_FlipU: 0
      m_FlipV: 0
      m_SwapUV: 0
      m_Fill: 1
      m_Scale: {x: 1, y: 1}
      m_Offset: {x: 0, y: 0}
      m_Rotation: 0
      m_Anchor: 9
    m_Material: {fileID: 0}
    m_SubmeshIndex: 0
    m_ManualUV: 1
    elementGroup: -1
    m_TextureGroup: -1
  m_SharedVertices:
  - m_Vertices: 000000000d00000017000000
  - m_Vertices: 010000000400000016000000
  - m_Vertices: 020000000700000011000000
  - m_Vertices: 030000000e00000010000000
  - m_Vertices: 050000000800000015000000
  - m_Vertices: 060000000b00000012000000
  - m_Vertices: 090000000c00000014000000
  - m_Vertices: 0a0000000f00000013000000
  m_SharedTextures: []
  m_Positions:
  - {x: 0.5, y: -0.5, z: 0.5}
  - {x: 0.5, y: 0.5, z: 0.5}
  - {x: -0.5, y: 0.5, z: 0.5}
  - {x: -0.5, y: -0.5, z: 0.5}
  - {x: 0.5, y: 0.5, z: 0.5}
  - {x: 0.5, y: 0.5, z: 0.47378713}
  - {x: -0.5, y: 0.5, z: 0.47378713}
  - {x: -0.5, y: 0.5, z: 0.5}
  - {x: 0.5, y: 0.5, z: 0.47378713}
  - {x: 0.5, y: -0.5, z: -0.5}
  - {x: -0.5, y: -0.5, z: -0.5}
  - {x: -0.5, y: 0.5, z: 0.47378713}
  - {x: 0.5, y: -0.5, z: -0.5}
  - {x: 0.5, y: -0.5, z: 0.5}
  - {x: -0.5, y: -0.5, z: 0.5}
  - {x: -0.5, y: -0.5, z: -0.5}
  - {x: -0.5, y: -0.5, z: 0.5}
  - {x: -0.5, y: 0.5, z: 0.5}
  - {x: -0.5, y: 0.5, z: 0.47378713}
  - {x: -0.5, y: -0.5, z: -0.5}
  - {x: 0.5, y: -0.5, z: -0.5}
  - {x: 0.5, y: 0.5, z: 0.47378713}
  - {x: 0.5, y: 0.5, z: 0.5}
  - {x: 0.5, y: -0.5, z: 0.5}
  m_Textures0:
  - {x: 0, y: 0}
  - {x: 0, y: 1}
  - {x: 1, y: 1}
  - {x: 1, y: 0}
  - {x: 0, y: 0}
  - {x: 0, y: 1}
  - {x: 1, y: 1}
  - {x: 1, y: 0}
  - {x: 0, y: 0}
  - {x: 0, y: 1}
  - {x: 1, y: 1}
  - {x: 1, y: 0}
  - {x: 0, y: 0}
  - {x: 0, y: 1}
  - {x: 1, y: 1}
  - {x: 1, y: 0}
  - {x: 0, y: 0}
  - {x: 0, y: 1}
  - {x: 1, y: 1}
  - {x: 1, y: 0}
  - {x: 0, y: 0}
  - {x: 0, y: 1}
  - {x: 1, y: 1}
  - {x: 1, y: 0}
  m_Textures2: []
  m_Textures3: []
  m_Tangents:
  - {x: -1, y: 0, z: 0, w: -1}
  - {x: -1, y: 0, z: 0, w: -1}
  - {x: -1, y: 0, z: 0, w: -1}
  - {x: -1, y: 0, z: 0, w: -1}
  - {x: -1, y: 0, z: 0, w: -1}
  - {x: -1, y: 0, z: 0, w: -1}
  - {x: -1, y: 0, z: 0, w: -1}
  - {x: -1, y: 0, z: 0, w: -1}
  - {x: -1, y: 0, z: 0, w: -1}
  - {x: -1, y: 0, z: 0, w: -1}
  - {x: -1, y: 0, z: 0, w: -1}
  - {x: -1, y: 0, z: 0, w: -1}
  - {x: -1, y: 0, z: 0, w: -1}
  - {x: -1, y: 0, z: 0, w: -1}
  - {x: -1, y: 0, z: 0, w: -1}
  - {x: -1, y: 0, z: 0, w: -1}
  - {x: 0, y: 0, z: -1, w: -1}
  - {x: 0, y: 0, z: -1, w: -1}
  - {x: 0, y: 0, z: -1, w: -1}
  - {x: 0, y: 0, z: -1, w: -1}
  - {x: 0, y: 0, z: 1, w: -1}
  - {x: 0, y: 0, z: 1, w: -1}
  - {x: 0, y: 0, z: 1, w: -1}
  - {x: 0, y: 0, z: 1, w: -1}
  m_Colors: []
  m_UnwrapParameters:
    m_HardAngle: 88
    m_PackMargin: 20
    m_AngleError: 8
    m_AreaError: 15
  m_PreserveMeshAssetOnDestroy: 0
  assetGuid: 
  m_Mesh: {fileID: 0}
  m_IsSelectable: 1
  m_SelectedFaces: 
  m_SelectedEdges: []
  m_SelectedVertices: 
--- !u!64 &5134213004456473438
MeshCollider:
  m_ObjectHideFlags: 0
  m_CorrespondingSourceObject: {fileID: 0}
  m_PrefabInstance: {fileID: 0}
  m_PrefabAsset: {fileID: 0}
  m_GameObject: {fileID: 8296391865263913861}
  m_Material: {fileID: 0}
  m_IsTrigger: 0
  m_Enabled: 1
  serializedVersion: 4
  m_Convex: 0
  m_CookingOptions: 30
  m_Mesh: {fileID: 0}
--- !u!1001 &3363656019241148342
PrefabInstance:
  m_ObjectHideFlags: 0
  serializedVersion: 2
  m_Modification:
    m_TransformParent: {fileID: 8296391864347172987}
    m_Modifications:
    - target: {fileID: 1005972449812328170, guid: 19a3b4b062240c547b5092dea55de005,
        type: 3}
      propertyPath: m_Enabled
      value: 0
      objectReference: {fileID: 0}
    - target: {fileID: 6740955304466487844, guid: 19a3b4b062240c547b5092dea55de005,
        type: 3}
      propertyPath: m_Name
      value: Launcher
      objectReference: {fileID: 0}
    - target: {fileID: 6740955304466487845, guid: 19a3b4b062240c547b5092dea55de005,
        type: 3}
      propertyPath: m_RootOrder
      value: 6
      objectReference: {fileID: 0}
    - target: {fileID: 6740955304466487845, guid: 19a3b4b062240c547b5092dea55de005,
        type: 3}
      propertyPath: m_LocalPosition.x
      value: -0.0030059814
      objectReference: {fileID: 0}
    - target: {fileID: 6740955304466487845, guid: 19a3b4b062240c547b5092dea55de005,
        type: 3}
      propertyPath: m_LocalPosition.y
      value: 0.351
      objectReference: {fileID: 0}
    - target: {fileID: 6740955304466487845, guid: 19a3b4b062240c547b5092dea55de005,
        type: 3}
      propertyPath: m_LocalPosition.z
      value: 0.89
      objectReference: {fileID: 0}
    - target: {fileID: 6740955304466487845, guid: 19a3b4b062240c547b5092dea55de005,
        type: 3}
      propertyPath: m_LocalRotation.w
      value: 0.9487853
      objectReference: {fileID: 0}
    - target: {fileID: 6740955304466487845, guid: 19a3b4b062240c547b5092dea55de005,
        type: 3}
      propertyPath: m_LocalRotation.x
      value: -0.3159216
      objectReference: {fileID: 0}
    - target: {fileID: 6740955304466487845, guid: 19a3b4b062240c547b5092dea55de005,
        type: 3}
      propertyPath: m_LocalRotation.y
      value: -0
      objectReference: {fileID: 0}
    - target: {fileID: 6740955304466487845, guid: 19a3b4b062240c547b5092dea55de005,
        type: 3}
      propertyPath: m_LocalRotation.z
      value: -0
      objectReference: {fileID: 0}
    - target: {fileID: 6740955304466487845, guid: 19a3b4b062240c547b5092dea55de005,
        type: 3}
      propertyPath: m_LocalEulerAnglesHint.x
      value: -36.833
      objectReference: {fileID: 0}
    - target: {fileID: 6740955304466487845, guid: 19a3b4b062240c547b5092dea55de005,
        type: 3}
      propertyPath: m_LocalEulerAnglesHint.y
      value: 0
      objectReference: {fileID: 0}
    - target: {fileID: 6740955304466487845, guid: 19a3b4b062240c547b5092dea55de005,
        type: 3}
      propertyPath: m_LocalEulerAnglesHint.z
      value: 0
      objectReference: {fileID: 0}
    - target: {fileID: 6740955304466487847, guid: 19a3b4b062240c547b5092dea55de005,
        type: 3}
      propertyPath: lineControl
      value: 
      objectReference: {fileID: 8764566012688849533}
    - target: {fileID: 6740955304466487864, guid: 19a3b4b062240c547b5092dea55de005,
        type: 3}
      propertyPath: m_Mesh
      value: 
      objectReference: {fileID: 0}
    - target: {fileID: 6740955304466487865, guid: 19a3b4b062240c547b5092dea55de005,
        type: 3}
      propertyPath: m_Mesh
      value: 
      objectReference: {fileID: 0}
    - target: {fileID: 6740955304466487867, guid: 19a3b4b062240c547b5092dea55de005,
        type: 3}
      propertyPath: m_Mesh
      value: 
      objectReference: {fileID: 0}
    - target: {fileID: 6973069129640909973, guid: 19a3b4b062240c547b5092dea55de005,
        type: 3}
      propertyPath: trailball
      value: 
      objectReference: {fileID: 2332746261530177133, guid: 68a1bc8c2d747a6409c70fbb3f40b02c,
        type: 3}
    m_RemovedComponents:
    - {fileID: 6973069129640909973, guid: 19a3b4b062240c547b5092dea55de005, type: 3}
  m_SourcePrefab: {fileID: 100100000, guid: 19a3b4b062240c547b5092dea55de005, type: 3}
--- !u!114 &8764566012688849533 stripped
MonoBehaviour:
  m_CorrespondingSourceObject: {fileID: 6273484636689450443, guid: 19a3b4b062240c547b5092dea55de005,
    type: 3}
  m_PrefabInstance: {fileID: 3363656019241148342}
  m_PrefabAsset: {fileID: 0}
  m_GameObject: {fileID: 0}
  m_Enabled: 1
  m_EditorHideFlags: 0
  m_Script: {fileID: 11500000, guid: ded5cb3788e6d2142b9e62a23b9b7c3f, type: 3}
  m_Name: 
  m_EditorClassIdentifier: 
--- !u!4 &8296391863627908499 stripped
Transform:
  m_CorrespondingSourceObject: {fileID: 6740955304466487845, guid: 19a3b4b062240c547b5092dea55de005,
    type: 3}
  m_PrefabInstance: {fileID: 3363656019241148342}
  m_PrefabAsset: {fileID: 0}
