%YAML 1.1
%TAG !u! tag:unity3d.com,2011:
--- !u!1 &1511495126911264414
GameObject:
  m_ObjectHideFlags: 0
  m_CorrespondingSourceObject: {fileID: 0}
  m_PrefabInstance: {fileID: 0}
  m_PrefabAsset: {fileID: 0}
  serializedVersion: 6
  m_Component:
  - component: {fileID: 8516631204796617889}
  - component: {fileID: 8614539890782487898}
  - component: {fileID: 8285599194859426739}
  - component: {fileID: 3479748108882380595}
  m_Layer: 0
  m_Name: CourceBase
  m_TagString: Untagged
  m_Icon: {fileID: 0}
  m_NavMeshLayer: 0
  m_StaticEditorFlags: 0
  m_IsActive: 1
--- !u!4 &8516631204796617889
Transform:
  m_ObjectHideFlags: 0
  m_CorrespondingSourceObject: {fileID: 0}
  m_PrefabInstance: {fileID: 0}
  m_PrefabAsset: {fileID: 0}
  m_GameObject: {fileID: 1511495126911264414}
  m_LocalRotation: {x: -0, y: -0, z: -0, w: 1}
  m_LocalPosition: {x: 0, y: 0, z: 0}
  m_LocalScale: {x: 1, y: 1, z: 1}
  m_Children:
  - {fileID: 6283365485425105021}
  m_Father: {fileID: 0}
  m_RootOrder: 0
  m_LocalEulerAnglesHint: {x: 0, y: 0, z: 0}
--- !u!114 &8614539890782487898
MonoBehaviour:
  m_ObjectHideFlags: 0
  m_CorrespondingSourceObject: {fileID: 0}
  m_PrefabInstance: {fileID: 0}
  m_PrefabAsset: {fileID: 0}
  m_GameObject: {fileID: 1511495126911264414}
  m_Enabled: 1
  m_EditorHideFlags: 0
  m_Script: {fileID: 11500000, guid: 9b345b19e0d6e904698f4d8f930b7afa, type: 3}
  m_Name: 
  m_EditorClassIdentifier: 
  StartPoint: {fileID: 0}
  courceLength: 1
--- !u!114 &8285599194859426739
MonoBehaviour:
  m_ObjectHideFlags: 0
  m_CorrespondingSourceObject: {fileID: 0}
  m_PrefabInstance: {fileID: 0}
  m_PrefabAsset: {fileID: 0}
  m_GameObject: {fileID: 1511495126911264414}
  m_Enabled: 1
  m_EditorHideFlags: 0
  m_Script: {fileID: 11500000, guid: 2d37e5385efd7064cb1d54c94960acae, type: 3}
  m_Name: 
  m_EditorClassIdentifier: 
  m_Resolution: 20
  m_Appearance:
    pathColor: {r: 0, g: 1, b: 0, a: 1}
    inactivePathColor: {r: 0.5, g: 0.5, b: 0.5, a: 1}
    width: 0.2
  m_Looped: 0
  m_Waypoints:
  - position: {x: 0, y: 0, z: -5}
    tangent: {x: 0, y: 0, z: 1}
    roll: 0
  - position: {x: 0, y: 0, z: 5}
    tangent: {x: 0, y: 0, z: 1}
    roll: 0
--- !u!114 &3479748108882380595
MonoBehaviour:
  m_ObjectHideFlags: 0
  m_CorrespondingSourceObject: {fileID: 0}
  m_PrefabInstance: {fileID: 0}
  m_PrefabAsset: {fileID: 0}
  m_GameObject: {fileID: 1511495126911264414}
  m_Enabled: 1
  m_EditorHideFlags: 0
  m_Script: {fileID: 11500000, guid: 5e6f0d83442f4104da302148761cf318, type: 3}
  m_Name: 
  m_EditorClassIdentifier: 
  nameText: {fileID: 6145834045315099344}
--- !u!1001 &7199022758572141851
PrefabInstance:
  m_ObjectHideFlags: 0
  serializedVersion: 2
  m_Modification:
    m_TransformParent: {fileID: 8516631204796617889}
    m_Modifications:
    - target: {fileID: 554018028413985437, guid: 99a55ed981c0a2e40bb1b2f126552c92,
        type: 3}
      propertyPath: m_Name
      value: FuncName
      objectReference: {fileID: 0}
    - target: {fileID: 2362821069003051456, guid: 99a55ed981c0a2e40bb1b2f126552c92,
        type: 3}
      propertyPath: m_LocalScale.x
      value: 0.07
      objectReference: {fileID: 0}
    - target: {fileID: 2362821069003051456, guid: 99a55ed981c0a2e40bb1b2f126552c92,
        type: 3}
      propertyPath: m_LocalScale.y
      value: 0.07
      objectReference: {fileID: 0}
    - target: {fileID: 3808618740461057382, guid: 99a55ed981c0a2e40bb1b2f126552c92,
        type: 3}
      propertyPath: m_Pivot.x
      value: 0.5
      objectReference: {fileID: 0}
    - target: {fileID: 3808618740461057382, guid: 99a55ed981c0a2e40bb1b2f126552c92,
        type: 3}
      propertyPath: m_Pivot.y
      value: 0.5
      objectReference: {fileID: 0}
    - target: {fileID: 3808618740461057382, guid: 99a55ed981c0a2e40bb1b2f126552c92,
        type: 3}
      propertyPath: m_RootOrder
      value: 0
      objectReference: {fileID: 0}
    - target: {fileID: 3808618740461057382, guid: 99a55ed981c0a2e40bb1b2f126552c92,
        type: 3}
      propertyPath: m_AnchorMax.x
      value: 0
      objectReference: {fileID: 0}
    - target: {fileID: 3808618740461057382, guid: 99a55ed981c0a2e40bb1b2f126552c92,
        type: 3}
      propertyPath: m_AnchorMax.y
      value: 0
      objectReference: {fileID: 0}
    - target: {fileID: 3808618740461057382, guid: 99a55ed981c0a2e40bb1b2f126552c92,
        type: 3}
      propertyPath: m_AnchorMin.x
      value: 0
      objectReference: {fileID: 0}
    - target: {fileID: 3808618740461057382, guid: 99a55ed981c0a2e40bb1b2f126552c92,
        type: 3}
      propertyPath: m_AnchorMin.y
      value: 0
      objectReference: {fileID: 0}
    - target: {fileID: 3808618740461057382, guid: 99a55ed981c0a2e40bb1b2f126552c92,
        type: 3}
      propertyPath: m_SizeDelta.x
      value: 3
      objectReference: {fileID: 0}
    - target: {fileID: 3808618740461057382, guid: 99a55ed981c0a2e40bb1b2f126552c92,
        type: 3}
      propertyPath: m_SizeDelta.y
      value: 3
      objectReference: {fileID: 0}
    - target: {fileID: 3808618740461057382, guid: 99a55ed981c0a2e40bb1b2f126552c92,
        type: 3}
      propertyPath: m_LocalPosition.x
      value: 0
      objectReference: {fileID: 0}
    - target: {fileID: 3808618740461057382, guid: 99a55ed981c0a2e40bb1b2f126552c92,
        type: 3}
      propertyPath: m_LocalPosition.y
      value: 0
      objectReference: {fileID: 0}
    - target: {fileID: 3808618740461057382, guid: 99a55ed981c0a2e40bb1b2f126552c92,
        type: 3}
      propertyPath: m_LocalPosition.z
      value: 0
      objectReference: {fileID: 0}
    - target: {fileID: 3808618740461057382, guid: 99a55ed981c0a2e40bb1b2f126552c92,
        type: 3}
      propertyPath: m_LocalRotation.w
      value: 0.27446982
      objectReference: {fileID: 0}
    - target: {fileID: 3808618740461057382, guid: 99a55ed981c0a2e40bb1b2f126552c92,
        type: 3}
      propertyPath: m_LocalRotation.x
      value: -0.016314648
      objectReference: {fileID: 0}
    - target: {fileID: 3808618740461057382, guid: 99a55ed981c0a2e40bb1b2f126552c92,
        type: 3}
      propertyPath: m_LocalRotation.y
      value: 0.9332394
      objectReference: {fileID: 0}
    - target: {fileID: 3808618740461057382, guid: 99a55ed981c0a2e40bb1b2f126552c92,
        type: 3}
      propertyPath: m_LocalRotation.z
      value: -0.23122363
      objectReference: {fileID: 0}
    - target: {fileID: 3808618740461057382, guid: 99a55ed981c0a2e40bb1b2f126552c92,
        type: 3}
      propertyPath: m_AnchoredPosition.x
      value: 0
      objectReference: {fileID: 0}
    - target: {fileID: 3808618740461057382, guid: 99a55ed981c0a2e40bb1b2f126552c92,
        type: 3}
      propertyPath: m_AnchoredPosition.y
      value: 0
      objectReference: {fileID: 0}
    - target: {fileID: 3808618740461057382, guid: 99a55ed981c0a2e40bb1b2f126552c92,
        type: 3}
      propertyPath: m_LocalEulerAnglesHint.x
      value: 25
      objectReference: {fileID: 0}
    - target: {fileID: 3808618740461057382, guid: 99a55ed981c0a2e40bb1b2f126552c92,
        type: 3}
      propertyPath: m_LocalEulerAnglesHint.y
      value: 145
      objectReference: {fileID: 0}
    - target: {fileID: 3808618740461057382, guid: 99a55ed981c0a2e40bb1b2f126552c92,
        type: 3}
      propertyPath: m_LocalEulerAnglesHint.z
      value: -10
      objectReference: {fileID: 0}
    - target: {fileID: 3936834978505492427, guid: 99a55ed981c0a2e40bb1b2f126552c92,
        type: 3}
      propertyPath: m_FontData.m_Alignment
      value: 1
      objectReference: {fileID: 0}
    m_RemovedComponents: []
  m_SourcePrefab: {fileID: 100100000, guid: 99a55ed981c0a2e40bb1b2f126552c92, type: 3}
--- !u!224 &6283365485425105021 stripped
RectTransform:
  m_CorrespondingSourceObject: {fileID: 3808618740461057382, guid: 99a55ed981c0a2e40bb1b2f126552c92,
    type: 3}
  m_PrefabInstance: {fileID: 7199022758572141851}
  m_PrefabAsset: {fileID: 0}
--- !u!114 &6145834045315099344 stripped
MonoBehaviour:
  m_CorrespondingSourceObject: {fileID: 3936834978505492427, guid: 99a55ed981c0a2e40bb1b2f126552c92,
    type: 3}
  m_PrefabInstance: {fileID: 7199022758572141851}
  m_PrefabAsset: {fileID: 0}
  m_GameObject: {fileID: 0}
  m_Enabled: 1
  m_EditorHideFlags: 0
  m_Script: {fileID: 11500000, guid: 5f7201a12d95ffc409449d95f23cf332, type: 3}
  m_Name: 
  m_EditorClassIdentifier: 
